3038 4966
171 1369 259 1442 Inter
302 1390 475 1443 sermonem
511 1370 704 1462 tragicorum
735 1376 899 1464 poetarum
932 1375 965 1443 et
998 1387 1115 1443 meram
1146 1365 1313 1441 Atthidem

72 1475 208 1546 eiusdem
229 1479 346 1546 aetatis
367 1479 452 1547 haud
474 1500 607 1568 paruum
629 1479 823 1549 intercedere
844 1479 1009 1549 discrimen
1035 1477 1231 1547 notissimum
1253 1479 1314 1546 est.

71 1579 118 1648 Ac
139 1585 250 1669 poetas
272 1581 395 1669 quidem
418 1583 554 1651 omnium
564 1583 708 1671 gentium
729 1586 966 1672 temporumque
988 1583 1124 1650 omnium
1136 1580 1197 1650 aha
1218 1583 1314 1668 atque

71 1702 107 1752 ea
128 1684 307 1754 sublimiore
329 1686 451 1756 ratione
474 1687 595 1757 dicendi
624 1688 671 1756 uti
703 1707 739 1756 ao
772 1686 928 1776 pedestris
958 1685 1109 1754 orationis
1143 1684 1314 1774 scriptores

71 1792 243 1855 memoratu
265 1789 409 1858 nimirum
431 1791 560 1878 dignum
582 1811 644 1859 non
669 1794 797 1860 estnec
825 1790 864 1859 de
894 1789 944 1858 his
976 1809 1035 1877 ego
1068 1788 1162 1859 rebus
1194 1787 1314 1876 loquor.

71 1890 132 1959 Sed
155 1892 346 1979 tragicorum
370 1893 560 1964 Graecorum
593 1895 688 1964 dictio
722 1900 755 1961 et
785 1893 893 1962 formis
926 1896 959 1961 ct
992 1891 1116 1961 delectu
1148 1891 1315 1960 verborum

71 1994 147 2063 adeo
170 1995 275 2064 differt
296 2017 315 2064 a
337 2017 430 2086 prosa
452 1998 602 2083 oratione,
630 2002 668 2066 ut
690 1996 784 2066 etiam
816 1996 930 2064 leviter
958 1995 1093 2083 legentis
1120 1995 1315 2066 mirationem

71 2101 206 2166 moveat.
249 2098 365 2186 Magna
387 2100 468 2168 enim
490 2101 661 2169 similitudo
684 2120 753 2170 esse
775 2100 901 2168 videtur
923 2099 1007 2168 inter
1036 2098 1120 2166 huno
1141 2118 1315 2168 sermonem

72 2204 105 2269 et
126 2202 279 2288 lonicum,
302 2203 402 2290 qualis
424 2204 456 2270 in
478 2203 630 2273 Herodoti
665 2208 698 2272 et
720 2202 920 2293 Hippocratis
953 2201 1040 2270 libris
1072 2206 1172 2290 patet.
1229 2200 1315 2286 Quae

71 2325 122 2374 res
145 2307 298 2393 quomodo
321 2307 406 2376 facta
428 2307 481 2392 sit,
513 2312 601 2376 recte
622 2308 855 2397 perspiciemus,
888 2306 914 2374 si
950 2306 1101 2392 originem
1133 2306 1315 2393 tragoediae

73 2409 211 2478 Graecae
254 2411 406 2479 sermonis
440 2415 586 2482 accurate
619 2411 865 2498 cognoverimus.
906 2408 1096 2478 Graecorum
1133 2410 1213 2478 enim
1247 2413 1317 2479 erat

72 2517 234 2602 poetarum
258 2515 462 2594 consuetudo,
485 2522 532 2599 ut,
556 2536 647 2602 quem
669 2534 842 2584 sermonem
875 2517 987 2582 auctor
1009 2513 1134 2599 generis
1157 2513 1317 2582 cuiusdam

75 2618 243 2685 carminum
266 2618 462 2704 adhibuerat,
485 2619 614 2687 eundem
640 2639 746 2688 omnes
757 2621 965 2706 sequerentur
976 2622 1098 2707 poetae,
1121 2619 1173 2705 qui
1196 2617 1319 2704 quidem

72 2721 116 2788 illi
140 2722 309 2790 carminum
331 2722 441 2809 generi
464 2741 590 2811 operam
613 2722 733 2792 darent.
778 2723 824 2791 Ut
835 2721 913 2810 epici
930 2721 962 2788 ni
974 2721 1066 2789 fallor
1082 2741 1188 2790 omnes
1204 2726 1318 2810 poetae

73 2824 183 2894 Graeci
206 2827 371 2895 verborum
394 2827 625 2914 formarumque
658 2825 844 2895 varietatem
878 2825 1054 2894 Homericis
1087 2845 1104 2893 e
1131 2824 1318 2893 carminibus

72 2933 287 3019 sumpserunt;
309 2935 356 3010 ut,
380 2929 597 3017 quieanticnm
620 2933 783 2999 acaterva
800 2928 1064 3020 pronuntiandum
1086 2933 1317 3018 componerent,

63 3033 220 3102 ¹flosculos
242 3033 326 3101 haud
347 3053 464 3122 paucos
488 3034 659 3122 carpebant
692 3054 709 3103 e
742 3033 875 3102 dialecto
906 3032 1046 3102 Dorica¹.
1101 3031 1200 3100 Simili
1230 3032 1320 3100 modo

72 3138 189 3205 iactum
212 3141 271 3223 est,
306 3141 343 3204 ut
367 3139 502 3207 sermoni
535 3138 709 3205 fabularum
742 3137 932 3207 Graecarum
964 3138 1134 3206 similitudo
1168 3138 1318 3225 quaedam

71 3241 115 3309 sit
138 3261 207 3309 cum
229 3261 371 3311 sermone
385 3241 504 3310 Jonico.
548 3241 629 3310 Nam
651 3246 685 3311 et
708 3245 894 3310 tetrameter
916 3241 1093 3310 trochaicus
1121 3249 1154 3310 et
1176 3241 1317 3309 senarius

72 3346 231 3430 iambicus,
256 3346 367 3434 quihus
389 3345 533 3414 versibus
555 3346 727 3415 utebantur
748 3350 861 3434 poetae
896 3344 1020 3432 tragici,
1050 3345 1149 3433 primo
1176 3363 1195 3411 a
1216 3344 1320 3432 poetis

72 3449 189 3519 Jonicis
222 3450 472 3519 adhibebantur².
528 3451 640 3518 Mirum
672 3450 771 3537 igitur
803 3470 865 3517 non
901 3453 951 3517 est
984 3468 1046 3516 una
1079 3468 1148 3516 oum
1176 3448 1319 3522 versibus

72 3554 134 3621 illis
156 3554 240 3622 haud
261 3575 360 3642 pauca
384 3555 450 3624 eius
473 3555 634 3640 sermonis,
658 3575 718 3642 quo
752 3554 851 3642 primo
874 3553 992 3621 exculti
1021 3556 1121 3637 erant,
1156 3552 1319 3641 irrepsisse

73 3658 105 3724 in
137 3658 328 3743 tragicorum
350 3663 513 3747 poetarum
537 3678 638 3744 genus
661 3658 791 3725 dicendi.
846 3655 1016 3725 Contendit
1039 3656 1162 3744 quidem
1183 3656 1319 3724 Ruther-

73 3760 193 3829 fordius
226 3762 418 3847 tragicorum
447 3761 568 3830 dicendi
603 3760 757 3829 rationem
801 3760 988 3848 respondere
1032 3759 1167 3827 sermoni
1210 3759 1320 3828 Attico

73 3864 140 3932 eins
162 3864 289 3948 aetatis,
324 3869 422 3951 quat
407 3864 571 3951 tragoedia
593 3869 664 3932 orta
685 3865 739 3932 sit.
786 3864 871 3950 ,The
903 3863 988 3931 basis
1021 3863 1056 3932 of
1075 3863 1131 3932 the
1163 3863 1320 3951 lauguage

73 3967 360 4054 ofl'ragedyist
296 3968 400 4036 rsthe
423 3968 514 4036 Attic
532 3968 571 4036 of
602 3968 706 4037 thet
706 3968 776 4054 ime,
808 3967 902 4036 when
920 3967 1071 4054 Tragedy
1103 3987 1236 4055 sprang
1255 3967 1321 4053 into

74 4070 185 4144 life.“³.
228 4071 291 4139 Sed
313 4091 407 4140 causa
430 4076 561 4154 nonest,
585 4091 641 4139 cur
652 4071 813 4141 credamus
825 4089 999 4139 sermonem
1010 4070 1165 4156 tragicum
1175 4074 1321 4138 accurate

73 4195 246 4264 congruere
268 4196 338 4243 cnm
361 4174 424 4242 nllo
446 4195 588 4244 sermone
611 4166 774 4260 communi,
798 4195 868 4243 cum
890 4168 1020 4266 constet
1042 4193 1113 4256 eum
1135 4168 1320 4241 conminus

107 4327 128 4391 ¹)
147 4325 182 4384 cl
201 4323 234 4377 de
250 4324 294 4377 his
311 4325 390 4377 rebus
407 4323 609 4379 Wllamouitnii
625 4323 691 4389 phil.
710 4324 772 4380 Unt.
791 4322 841 4376 Vll
859 4338 887 4388 p,
905 4323 968 4381 300.
986 4335 1046 4387 sqq.
1254 4369 1255 4373 ,
1274 4365 1278 4377 ι

107 4413 178 4481 ²)oi
202 4411 363 4478 Bernhardy,
382 4412 428 4471 Gr
447 4410 474 4470 d
493 4426 573 4475 gar
552 4411 620 4468 litt.
639 4409 730 4470 ed.V
750 4406 1319 4519 ed.Vclkmann.1892.1p.381.0hr1st,

148 4498 245 4559 Gesoh
262 4498 288 4555 d
307 4513 346 4562 gr
365 4498 433 4557 Litt
451 4514 482 4565 p
501 4496 561 4556 ila.
802 4516 806 4523 ι

107 4569 133 4654 ³)
151 4585 187 4644 cl.
205 4583 372 4648 Rutheriord,
390 4584 436 4636 the
454 4599 512 4637 new
529 4582 701 4652 Phrynichus
719 4580 828 4634 London
848 4581 924 4639 1881
944 4595 971 4646 p.
989 4581 1015 4636 3.
