3038 4966
704 126 838 197 ..1Βο
879 162 924 183 ..-

194 309 370 378 fabnlarnm
391 310 568 380 huiusmodi
590 312 720 381 formas-
736 329 900 382 occurrere
932 311 1017 381 baud
1049 312 1095 381 ita
1124 312 1249 389 mirum.
1274 316 1337 397 est,
1373 333 1442 381 eum
1500 304 1501 309 ’

193 416 319 483 constet
340 416 451 502 poetas
473 413 516 482 ibi
537 415 653 482 maiore
668 413 838 486 formarum
849 412 1006 485 varietate
1027 415 1086 499 uti,
1109 434 1202 502 quam
1223 414 1256 482 in
1274 415 1441 485 diverbiis.

193 516 260 586 Nee
280 536 357 587 vero
379 537 458 605 quae
480 517 655 587 insenariis
671 520 811 602 exstant,
834 515 984 588 mutanda
997 516 1153 602 videntur,
1176 517 1441 605 quamvismnltis

191 621 268 690 loeis
289 621 334 690 sit
355 621 446 691 facile
468 622 574 692 addito
596 624 766 709 augmento
797 623 1001 710 anapaestum
1033 621 1145 710 pedem
1178 620 1312 706 efficere,
1347 642 1439 711 quem

193 745 250 814 pro
271 724 404 796 iambico
425 724 550 795 admitti
572 744 665 814 posse
686 724 766 796 satis
787 728 898 796 notum
920 729 980 794 est.
1024 725 1088 794 Sed
1100 724 1234 818 primum
1256 724 1335 795 baec
1357 726 1440 796 ratio

192 831 242 897 est
263 828 440 912 violentior,
462 849 540 910 enm
553 829 609 900 vix
631 827 845 916 intellegatur,
876 848 931 896 our
954 828 1095 901 omnibus
1126 827 1176 902 his
1209 827 1286 900 locis
1319 828 1439 901 librarii

194 957 209 1001 a
231 933 371 1003 litteram
394 932 576 1018 omiserint;
599 931 711 1001 deinde
733 932 940 1002 demonstrari
962 952 1024 1000 non
1045 935 1154 1024 potest
1175 935 1286 1024 poetas
1298 931 1439 1019 tragicos

192 1036 394 1106 indiverbiis
417 1036 470 1105 illa
491 1035 618 1106 licentia
641 1036 764 1104 omnino
786 1055 847 1104 non
869 1055 944 1106 usos
969 1055 1048 1105 esse.
1092 1036 1159 1107 Nec
1181 1035 1330 1108 maiorem
1357 1036 1438 1106 ueri-

190 1139 402 1208 similitudinis
423 1141 560 1229 speaiem
581 1159 657 1228 prae
679 1158 714 1208 se
736 1139 800 1209 fert
824 1157 932 1211 eorum
954 1139 1124 1225 sententia,
1147 1139 1200 1230 qui
1222 1143 1338 1232 putent
1361 1160 1438 1226 aug*

190 1247 330 1312 mentum
352 1244 384 1312 in
406 1244 505 1333 primo
527 1243 642 1314 senarii
663 1243 742 1333 pede
764 1243 815 1313 vel
837 1244 1061 1333 nonseriptum
1072 1247 1178 1312 tanen
1199 1244 1439 1334 pronuntiatum

190 1368 259 1417 esse
290 1347 450 1418 vocalibus
482 1348 515 1415 in
548 1347 608 1418 fine
642 1347 868 1417 antecedentis
890 1367 1003 1417 versus
1037 1348 1133 1417 elisia.
1187 1347 1278 1433 Nam,
1313 1347 1437 1417 etiamsi

189 1452 478 1540 praetermittamus
500 1452 652 1541 exempla,
676 1451 708 1520 in
730 1452 843 1540 quibua
864 1452 973 1521 littera
995 1472 1169 1521 consonans
1191 1452 1362 1538 antecedit,
1385 1452 1439 1521 illa

189 1559 271 1625 ratio
281 1575 393 1625 versus
414 1555 729 1627 iaoiendirarissima
751 1559 801 1624 est
823 1575 881 1624 nee
903 1556 1007 1645 poetis
1029 1559 1099 1626 erat
1120 1555 1249 1642 usitata,
1270 1555 1331 1623 nisi
1355 1556 1438 1644 quod

189 1659 415 1747 particularum
437 1657 471 1725 δέ
494 1664 527 1728 91
548 1657 583 1725 τὲ
604 1660 713 1729 littera
735 1683 751 1726 ε
773 1660 824 1728 hie
845 1660 907 1728 illie
939 1661 971 1728 in
993 1681 1142 1731 versuum
1164 1661 1276 1729 finibus
1298 1660 1439 1731 eliditur.

189 1762 308 1832 Summi
341 1768 448 1834 autem
482 1764 630 1833 momenti
663 1764 703 1833 ad
734 1764 811 1833 baec
844 1765 947 1837 omnia
978 1765 1038 1834 boo
1068 1765 1199 1852 eooedit,
1232 1764 1315 1852 quod
1348 1769 1438 1835 certo

190 1868 323 1956 quodam
332 1868 460 1937 consilio
470 1872 504 1937 et
513 1869 635 1938 ratione
644 1873 756 1958 poetae
766 1873 969 1956 augmentum
978 1870 1083 1940 verbis
1092 1869 1268 1939 detraxisse
1277 1868 1437 1937 videntur.

180 1972 269 2040 ,Nam
291 1972 433 2041 omnibus
454 1972 541 2056 lodie,
563 1972 675 2060 quibus
703 1972 784 2041 tales
814 1972 936 2042 formae
965 1976 1143 2053 occurrunt,
1177 1972 1229 2042 uel
1258 1970 1360 2039 nuntii
1384 1972 1437 2040 vel

188 2075 272 2144 servi
294 2075 474 2164 loquuntur,
496 2096 558 2143 uno
579 2076 647 2144 loao
669 2078 802 2165 excepto
824 2075 900 2144 Eur.
922 2077 1000 2144 Heu.
1025 2080 1129 2160 1153,
1160 2075 1213 2144 nbi
1236 2076 1337 2145 verba
1358 2079 1438 2144 sunt

168 2235 170 2240 .
188 2179 425 2267 Polymestoris.
469 2179 634 2248 Probanda
655 2179 756 2265 igitur
776 2179 836 2248 hoo
858 2179 926 2248 loeo
948 2179 1074 2248 videtur
1085 2179 1225 2247 Elmsleii
1247 2178 1437 2266 emendatio,

189 2282 241 2369 qni
263 2283 394 2352 iuvante
415 2282 533 2351 scholio
556 2282 684 2349 baaooo’
706 2282 833 2353 senbat.
886 2282 1030 2371 Apparet
1062 2282 1163 2369 igitur
1195 2286 1229 2350 et
1261 2281 1293 2348 in
1325 2282 1437 2369 lyricis

188 2385 332 2474 partibus
355 2386 442 2454 etin
465 2385 613 2455 diuerbiis
631 2385 775 2471 ¹tragicos
797 2390 908 2474 poetas
930 2387 1087 2455 interdurn
1115 2388 1318 2472 augmentum
1339 2387 1437 2472 sylla-

189 2490 291 2557 bieum
313 2490 464 2560 omisisse.
517 2489 627 2577 Neque
662 2494 769 2560 autern
801 2490 879 2560 haee
911 2495 987 2560 sunt
1018 2491 1107 2559 Jadis
1140 2510 1252 2579 prosae
1283 2491 1437 2559 orationis

192 2593 338 2679 vestigia,
361 2614 431 2662 eum
453 2593 649 2664 Herodotum
670 2612 799 2681 prorsus
832 2595 924 2664 abam
957 2595 1109 2664 nationem
1142 2594 1231 2682 sequi
1253 2593 1436 2681 viderimus,

187 2696 243 2766 sed
265 2717 306 2765 ex
328 2697 502 2766 imitatione
524 2697 630 2786 epioae
651 2697 755 2784 poesis
777 2697 854 2766 talia
874 2702 951 2766 nata
972 2717 1042 2767 esse
1064 2698 1131 2764 inne
1154 2696 1388 2766 contendemus

290 2802 339 2870 Ao
361 2803 505 2890 quonian
527 2802 566 2870 de
589 2801 746 2890 epicorum
756 2801 943 2872 ¹,imitatione
964 2801 1062 2871 locuti
1073 2820 1191 2884 sunus,
1213 2819 1329 2889 paneas
1352 2800 1435 2869 eius·

188 2905 258 2974 dem
278 2907 405 2993 generis
426 2926 478 2974 res
500 2907 636 2981 fortasse
657 2904 709 2972 hie
731 2905 843 2975 afferre
865 2905 981 2976 licebit.
1011 2905 1141 2994 xFrpieae
1165 2904 1247 2975 eninr
1272 2907 1349 2972 sunt
1371 2905 1436 2973 for·

188 3026 257 3077 mae
277 3009 399 3078 solutae
422 3007 578 3084 ἀοιδός
600 3012 634 3077 et
656 3005 799 3092 ἀοιδή.
844 3007 964 3092 Quibus
974 3028 1033 3078 nea
1047 3008 1143 3098 Soph.
1157 3007 1311 3079 abstinuit
1333 3027 1437 3095 neque

169 3114 263 3189 ,Eun
286 3113 421 3201 Legitur
452 3114 533 3182 enim
564 3111 667 3188 ἀοιδός
699 3111 796 3202 Soph.
820 3110 857 3181 Ο.
879 3112 917 3178 R.
939 3115 992 3180 36.
1015 3112 1067 3181 ur.
1090 3114 1107 3153 '¹‘
1131 3115 1225 3180 1001.
1251 3112 1327 3180 Eur.
1360 3111 1433 3180 Hel.

188 3219 205 3258 *
229 3220 323 3286 1109.
345 3217 469 3286 Herael.
491 3220 566 3284 403.
609 3217 704 3286 Hero.
728 3218 833 3301 1315,
856 3213 943 3301 ἀοιδή
966 3215 1062 3305 Soph.
1085 3216 1163 3284 Ant.
1187 3215 1358 3285 8891191.
1381 3214 1432 3284 El.

188 3321 291 3389 *lod
314 3320 423 3410 Suppl.
446 3322 463 3362 ²¹⁸
484 3324 559 3390 916.
582 3319 770 3409 11111111.
794 3321 812 3360 *
836 3322 929 3388 1283.
973 3319 1091 3391 Eodem
1112 3320 1223 3388 deinde
1245 3319 1346 3405 modo,
1369 3339 1432 3406 quo

187 3424 219 3491 in
241 3424 370 3493 vocibus
392 3422 495 3498 ἀοιδός
517 3429 551 3492 et
573 3421 661 3508 ἀοιδή
684 3425 717 3488 F
732 3423 841 3494 littera
863 3423 1124 3495 omissaformae,
1144 3423 1266 3492 solutae
1300 3423 1432 3491 effectae

187 3530 272 3610 sunt,
294 3526 452 3614 ἀίσσω,
475 3526 656 3614 banada,
690 3526 847 3612 ἀείρω,
879 3525 1040 3593 aeonae
1073 3527 1191 3595 formae
1223 3530 1299 3595 sunt
1331 3529 1431 3610 ortae,

187 3651 265 3719 quas
287 3631 401 3718 tragici
428 3634 541 3721 poetae
574 3635 617 3706 et
640 3632 731 3721 ipsus
754 3633 997 3718 usurpaverunt.
1041 3629 1160 3701 Exstat
1191 3630 1273 3699 enim
1305 3627 1432 3718 ἀίσσωί)

187 3734 283 3823 Soph.
307 3733 344 3802 Ο.
368 3733 403 3804 Ο.
425 3736 443 3776 *
468 3738 562 3803 1499.
584 3734 636 3803 Tr.
660 3736 677 3776 ’¹‘
698 3738 773 3804 843.
795 3733 872 3803 Eur.
894 3734 1008 3804 Baecb.
1031 3735 1048 3775 ’¹‘
1072 3739 1145 3804 141.
1167 3733 1431 3824 Hee.31.Snppl.

188 3837 495 3927 *9121111111
518 3840 535 3879 *
558 3842 676 3915 12.-
698 3835 811 3905 aoeoo
833 3838 885 3905 ur.
907 3840 1021 3915 *aaa
1049 3839 1126 3909 uer.
1148 3839 1194 3907 111
1215 3842 1268 3906 aa.
1293 3843 1364 3907 121.
1386 3878 1432 3892 -

187 3940 311 4030 asom)
333 3941 627 4031 Soph.tAnt.41.8
649 3941 701 4009 11.
724 3944 836 4010 *ula
863 3942 979 4011 Aesoh.
1013 3942 1102 4013 Pers.
1125 3945 1238 4011 *660
1272 3943 1347 4010 Eur.
1380 3943 1430 4012 El.

187 4045 431 4134 *8191111199
455 4042 916 4135 *25]β-ἄ19191318ορ11.
939 4044 991 4114 Tr.
1014 4047 1167 4114 *506

175 4321 246 4428 fr)
264 4358 300 4418 οι,
319 4357 418 4417 (labeo
435 4372 500 4411 vooe
517 4356 733 4412 alasa-Knemar
748 4357 796 4422 11
815 4360 856 4413 50.
867 4358 936 4418 adn,
956 4361 982 4419 ὅ,

220 4445 242 4512 ²)
256 4445 296 4504 el.
314 4443 427 4502 Bredov.
445 4459 473 4510 p.
493 4445 553 4505 193.

219 4530 243 4599 t)
261 4531 297 4591 ol,
316 4529 347 4581 de
365 4531 415 4582 bae
433 4544 498 4583 vooa
516 4529 738 4585 ulmaxuonnar.
751 4530 765 4582 1
780 4532 890 4595 p.=1209.
