3038 4966
695 93 908 158 ..45-

176 279 302 367 singula
332 277 424 348 obvia
454 279 543 362 sunt,
576 295 647 346 cum
684 299 813 368 prorsus
844 279 1034 365 respuantur
1074 277 1107 344 in
1150 277 1255 346 titulis
1301 275 1421 364 publice
1484 288 1485 291 ’

164 382 314 470 scriptis.
324 381 352 470 ¹)
374 381 499 469 Tragici
521 384 628 450 autem
649 386 762 469 poetae
783 383 951 451 haudraro
964 381 1138 450 Jonicoillo
1151 380 1419 450 morearticulum

178 486 387 556 adhibuerunt
398 505 439 554 ac
452 489 529 554 sunt
551 486 674 574 quidem
695 486 857 575 Sophoclis
880 486 1022 573 exempla
1043 485 1134 574 plura
1152 506 1245 573 quam
1262 483 1421 580 Aeschyli,
1487 489 1489 559 l

178 590 330 679 Aeschyli
351 591 443 680 plura
465 610 558 678 quam
578 589 747 676 Euripidis.
791 590 938 658 Plurimis
960 589 1046 672 locis
1068 589 1181 677 quibus
1202 588 1358 657 articulus
1369 609 1421 675 pro

178 694 358 783 pronomine
381 698 508 780 111111,
526 693 633 763 hiatus
655 694 772 763 vitanti
794 715 887 763 causa
908 697 1079 781 usurpatus
1103 692 1320 762 essevidetur.
1343 693 1423 760 Nam

177 798 296 870 Aasch.
318 799 381 887 Ag.
404 801 481 870 974.
505 795 582 869 Cho.
606 797 889 885 *ma-Sophnl.
904 802 996 869 1144.
1020 796 1109 867 011.
1126 798 1218 867 1379.
1243 795 1281 867 O.
1295 795 1330 867 0.
1349 799 1422 864 304.

184 905 278 975 1258.
310 902 369 974 Ph.
395 905 446 973 14.
477 901 554 973 Eur.
578 902 677 973 Andr.
693 944 695 947 -
709 906 784 972 810.
816 902 911 990 Hipp.
945 903 1070 986 *747.,
1105 900 1132 969 11
1154 901 1272 969 formae
1295 900 1425 969 Atticae

181 1006 318 1094 scriptae
340 1010 457 1092 essent,
479 1005 586 1074 hiatus
609 1008 698 1074 crtus
721 1009 816 1078 esset.
840 1006 877 1078 0.
890 1005 924 1077 0.
936 1009 988 1077 35.
999 1005 1099 1092 igitur
1110 1025 1179 1073 cum
1187 1003 1338 1072 Elmsleio
1348 1008 1425 1093 puto

182 1104 225 1206 ᾤν
247 1128 304 1198 pro
325 1120 385 1176 τῶν
408 1109 504 1199 (quod
526 1109 594 1179 cod.
616 1108 653 1179 L.
677 1100 819 1196 exhibet)
841 1109 1038 1180 scribendum
1061 1128 1140 1194 esse,
1163 1128 1234 1176 cum
1245 1107 1277 1175 in
1289 1107 1422 1177 senariis

180 1215 297 1282 formas
329 1213 455 1282 Jonicas
487 1212 690 1302 usurpavisse
722 1233 784 1281 non
815 1214 992 1298 rideantur,
1034 1212 1094 1281 nisi
1127 1215 1257 1299 propter
1291 1211 1424 1282 hiatum.

188 1317 313 1404 Lyrlcis
334 1328 410 1386 vero
446 1317 479 1384 in
511 1315 655 1404 partibus
685 1316 727 1385 ibi
761 1337 884 1406 quoque
914 1317 1039 1385 articuli
1075 1317 1190 1385 formas
1224 1335 1282 1403 pro
1311 1316 1425 1384 -formis

183 1420 375 1511 pronominis
405 1420 549 1507 legimus,
583 1419 636 1488 ubi
657 1419 777 1488 Atticis
805 1420 913 1489 formis
935 1420 1083 1489 adhibitis
1105 1419 1212 1487 hiatus
1234 1419 1342 1488 factus
1364 1440 1425 1487 nou

182 1527 279 1609 esset,
301 1523 418 1597 Aesch.
441 1522 517 1592 Cho.
542 1524 644 1594 *952
667 1522 1306 1610 81111.Α1.*255.111.*205.Ρ11.*707.
1327 1522 1426 1606 Quam

157 1687 159 1690 .
181 1627 350 1710 licentium,
373 1627 525 1715 quomodo
547 1629 618 1695 orta
639 1625 692 1711 sit,
715 1626 806 1695 facilc
827 1626 1005 1714 intelleges
1026 1627 1053 1695 si
1077 1626 1287 1716 reputaveris,
1311 1626 1425 1695 Dorico

181 1751 304 1821 quoquc
337 1731 370 1800 in
396 1750 544 1801 sermone
573 1730 740 1800 articulum
772 1730 853 1799 idem
889 1731 1035 1817 valuisse,
1071 1731 1154 1821 quod
1185 1751 1358 1821 pronomen
1379 1752 1426 1800 re-

181 1836 324 1908 lativum.
401 1894 403 1899 .

212 2002 215 2009 .
283 1938 472 2009 Pronomina
494 1931 623 2014 οὗτος
645 1941 679 2008 11
701 1937 784 2025 ὅδε,
808 1960 887 2028 quae
909 1939 1012 2008 Attici
1022 1940 1193 2027 scriptores
1204 1940 1251 2009 ita
1262 1946 1428 2030 usurpant,

181 2047 219 2119 ut
241 2037 390 2119 odrocsad
404 2063 488 2128 ram,
509 2062 589 2131 quaa
601 2042 770 2128 antecedit,
791 2045 926 2130 spectet,
950 2042 1002 2108 ὅδε
1015 2043 1054 2111 ad
1067 2063 1136 2111 eam
1148 2063 1228 2131 quae
1238 2044 1427 2133 insequitur,

184 2146 342 2221 aJonic‘rs
363 2146 571 2233 scriptoribus
592 2146 785 2234 tragicisque
809 2147 914 2234 poetis
935 2147 1021 2216 haud
1043 2168 1114 2216 raro
1136 2167 1265 2236 prorsus
1296 2151 1427 2218 confun-

183 2252 312 2325 duntur.
356 2251 403 2321 Ut
423 2251 557 2338 legimns
579 2250 673 2338 Hipp.
694 2272 726 2340 p.
749 2253 843 2319 obn:
874 2259 935 2316 τῶν
969 2250 1003 2317 δὲ
1033 2249 1146 2337 ἰχθύων
1181 2251 1343 2337 ξηρότατοι
1375 2253 1427 2338 μὲν

187 2351 281 2443 οὗτοι,
305 2355 459 2443 σκορπίος,
487 2354 614 2442 ,δράκων
636 2378 665 2421 κ.
687 2379 714 2421 τ.
736 2359 765 2422 λ.
793 2355 895 2424 item
927 2356 1108 2444 pronomine
1139 2349 1228 2431 orico<
1259 2356 1428 2445 insequens

184 2459 302 2549 aliquid
327 2458 524 2546 significatur
552 2457 668 2528 Aesch.
691 2456 780 2547 Sept.
802 2461 878 2531 579.
912 2459 1009 2550 Soph.
1032 2460 1110 2528 Ant.
1134 2463 1209 2531 305.
1232 2463 1307 2528 650.
1332 2466 1428 2531 1244.

183 2562 561 2637 ’111256011584
594 2561 653 2629 Ph.
675 2564 750 2633 987.
775 2568 871 2634 1325.
896 2569 991 2634 1440.
1034 2563 1153 2634 Eodem
1184 2564 1274 2634 modo
1309 2565 1429 2635 dictum

183 2669 345 2738 invenitur
367 2667 449 2758 apud
471 2667 518 2738 Js.
540 2664 723 2736 adverbium
745 2666 844 2745 οὕτως
864 2690 896 2758 p.
921 2672 1024 2738 1641.
1036 2666 1291 2755 3201111111.
1314 2690 1341 2738 c.
1355 2675 1429 2742 130.

183 2796 215 2864 p.
226 2776 291 2842 422
301 2773 332 2842 d.
355 2771 473 2856 4151,
495 2769 706 2860 quibusloois
729 2772 870 2840 omnibus
893 2775 1023 2842 exstant
1046 2772 1308 2859 111111ἔχειγὰρ
1331 2772 1430 2849 οὕτως

185 2878 237 2948 vel
267 2877 333 2963 ἔχει
366 2874 503 2950 δὀὕτως.
546 2873 667 2946 Deinde
701 2873 754 2943 ὅδε
785 2874 922 2962 legitur,
958 2875 1013 2943 ubi
1045 2875 1190 2944 Atticum
1224 2880 1294 2944 erat
1326 2877 1430 2948 dicere

188 2974 277 3056 οὗτος
308 2980 386 3048 Her.
408 2979 424 3047 I
447 2982 497 3048 17.
520 2980 574 3049 22.
596 2981 649 3050 63.
671 2983 724 3048 99.
749 2982 821 3047 137.
846 2982 919 3049 141.
942 2982 1017 3051 210.
1039 2979 1070 3047 V
1092 2983 1123 3050 8.
1146 2983 1199 3048 93.
1232 2979 1276 3047 lX
1300 2983 1353 3051 79.
1375 2985 1429 3053 98.

186 3085 283 3175 Hipp.
305 3106 337 3174 p.
360 3087 434 3154 384.
457 3086 531 3152 639.
553 3086 631 3154 465.
652 3086 728 3154 515.
752 3086 825 3154 797.
851 3083 966 3154 Aesch.
987 3084 1040 3155 Pr.
1064 3087 1138 3155 672.
1160 3083 1248 3172 Sept.
1272 3088 1324 3156 54.
1351 3084 1428 3157 ono.

187 3193 263 3258 979.
285 3187 470 3278 Sophtha.
496 3190 569 3256 198.
591 3191 667 3257 464.
689 3190 786 3258 1613.
809 3191 883 3257 646.
905 3192 980 3258 666.
1002 3188 1054 3256 Tr.
1077 3191 1130 3259 23.
1154 3193 1227 3260 173.
1251 3192 1326 3258 820.
1350 3189 1429 3261 00.

188 3296 283 3363 1322.
315 3291 374 3362 Ρ1.
397 3293 450 3362 87.
473 3292 491 3332 '¹‘
515 3293 587 3360 199.
610 3295 684 3363 418.
706 3293 782 3362 428.
808 3291 857 3360 ΕΙ.
879 3295 954 3363 441.
977 3295 1052 3360 527.
1074 3295 1148 3363 580.
1171 3296 1245 3361 604.
1269 3297 1343 3365 611.
1377 3295 1429 3364 Ai.

186 3396 518 3489 53410801194.
543 3398 615 3466 719.
649 3395 958 3467 Ε11.Β11111.287.
993 3395 1080 3485 (lycl.
1105 3400 1178 3465 163.
1196 3397 1336 3486 saepius.
1371 3400 1429 3470 Ar.

189 3498 276 3587 Lys.
299 3501 375 3567 369.
407 3497 465 3564 ὡδί
494 3538 539 3547 -
572 3498 813 3573 desecandum
844 3499 1003 3589 Euripidis
1034 3503 1187 3569 rationem
1220 3500 1337 3569 dictum
1369 3504 1430 3570 est.

188 3600 320 3672 Omnino
342 3602 456 3690 tragici
488 3619 658 3692 pronomen
689 3602 741 3671 ὅδε
774 3604 935 3673 adamasse
968 3603 1132 3690 videntur,
1176 3605 1311 3674 fortasse
1355 3605 1430 3694 quia

188 3705 332 3776 δεικτικόν
355 3710 415 3778 111.
459 3707 553 3777 Nullo
588 3708 720 3796 denique
752 3707 937 3798 Sophoclem
969 3708 1145 3778 discrimine
1177 3710 1261 3778 facto
1294 3714 1430 3797 utroque

186 3817 369 3904 pronomine
390 3830 482 3880 usum
497 3818 574 3882 ‘esse
596 3812 682 3882 hisce
705 3833 722 3882 c
744 3813 821 3882 locis
843 3813 999 3882 elucebit:
1033 3816 1111 3884 Ant.
1133 3816 1208 3882 296.
1230 3834 1288 3902 sq„
1315 3812 1366 3881 ubi
1389 3813 1430 3882 de

188 3917 322 4009 pecunia
343 3916 478 3985 dicitur:

430 4083 432 4087 ,
971 4077 974 4080 .
1015 4020 1224 4107 τοῦτογὰρ
1248 4020 1349 4093 πόλεις

223 4159 227 4166 -
340 4146 342 4159 ²
395 4128 516 4210 πορθεῖ,
539 4120 623 4190 τόδ’
647 4124 757 4210 ἄνδρας
778 4122 959 4209 ἐξανίστησιν
983 4123 1092 4208 δόμων.

191 4231 225 4298 et
246 4228 325 4298 Ant.
348 4231 432 4314 673,
454 4227 508 4297 ubi
530 4227 568 4296 de
590 4224 720 4313 ἀναρχία
743 4227 861 4314 agitur,

224 4380 248 4481 1)
266 4410 306 4472 ci.
319 4386 498 4465 1111111111111
515 4411 623 4483 11123.
