3038 4966
298 1439 358 1558 ΙΙ.
433 1441 504 1556 Dc
541 1440 1097 1558 tortor-umdeleotu.
1166 1598 1168 1603 Ι

524 1683 556 1754 1.
580 1681 626 1752 dc
648 1672 892 1753 nominibus*

688 1842 715 1890 a.
832 1881 834 1886 .

96 2002 98 2011 ,
181 1957 337 2024 Primum·
354 1977 392 2028 eu
412 1959 626 2028 substantiva
658 1958 813 2027 adiectira
829 1911 831 1913 ”
846 1957 943 2026 verbo
975 1956 1142 2045 proferam,
1176 1975 1255 2044 quae
1287 1955 1320 2024 in

77 2064 212 2149 utroque
234 2080 377 2130 sermone
392 2063 611 2148 'inveniuntuu
633 2061 793 2150 soo‘apud
803 2061 930 2130 Jonicos
938 2060 1110 2148 scriptores
1120 2059 1320 2147 tragicosquo
1445 2068 1446 2071 ’

76 2167 187 2254 poetas
209 2165 367 2234 notionem
389 2167 551 2236 interdum
567 2167 685 2237 habent
703 2166 751 2234 ab
767 2164 901 2234 Atthide
924 2162 1070 2233 alienam.
1109 2163 1192 2231 Sunt
1213 2166 1319 2233 autem

74 2268 153 2338 haec
166 2322 292 2440 ἀίών.
336 2372 500 2460 Significat
521 2374 598 2444 haec
619 2393 683 2443 vox
705 2373 787 2463 apud
803 2372 931 2440 Atticos
950 2361 1155 2455 eaeternitas',
1177 2373 1214 2438 ut
1236 2371 1319 2460 apud

76 2477 176 2544 Jsocr.
198 2497 229 2565 p.
251 2476 325 2545 461.
350 2477 454 2561 16611,
477 2478 560 2566 apud
581 2477 707 2546 ionicos
729 2497 804 2546 vero
826 2476 997 2564 scriptores
1018 2474 1101 2542 houd
1133 2493 1204 2543 raro
1237 2475 1319 2543 idem

75 2579 171 2664 valet,
194 2580 277 2667 quod
299 2579 371 2664 βίος.
416 2579 464 2648 01.
486 2580 562 2649 Her.
584 2581 600 2648 Ι
621 2584 674 2648 32.
695 2580 741 2648 ΠΙ
762 2582 815 2648 40.
837 2579 899 2646 VII
920 2582 974 2646 46.
996 2577 1044 2645 IX
1067 2580 1118 2645 17.
1141 2581 1193 2646 27.
1222 2576 1317 2666 Hipp.

74 2704 105 2771 p.
125 2686 199 2751 253.
222 2686 295 2752 384.
320 2686 393 2751 759.
416 2686 490 2752 840.
513 2687 693 2752 8571283.
736 2683 866 2752 Duobus
888 2682 965 2751 locis
986 2680 1078 2749 Plato
1093 2700 1222 2769 quoquo
1236 2681 1323 2749 hanc

75 2786 139 2854 vim
160 2787 310 2855 vocabulo
333 2787 489 2874 attribuit,
512 2787 609 2876 Gorg.
631 2809 663 2877 p.
684 2786 785 2856 4480.
806 2788 891 2874 legg.
913 2786 959 2854 III
982 2783 1081 2854 7010.
1124 2784 1206 2854 Nam
1227 2786 1326 2855 Prot.

75 2888 175 2958 3450.
198 2890 300 2959 estin
324 2911 377 2959 ore
390 2890 566 2960 Simonidis.
610 2892 785 2960 Poetarum
801 2895 908 2960 autem
929 2889 1158 2980 praeterHom.
1182 2890 1316 2958 etPind.

75 2994 188 3081 tragici
210 2993 296 3062 hisco
318 2994 393 3063 locis
416 2995 469 3063 illa
490 2996 617 3064 notione
639 3014 748 3065 vocem
770 2995 1000 3064 adhibuerunt:
1027 2991 1144 3061 Aesch.
1166 2993 1220 3061 Pr.
1242 2997 1316 3062 862.

74 3096 163 3186 Sept.
187 3099 204 3138 ²¹³
225 3100 300 3166 219.
323 3098 387 3184 Ag.
409 3101 483 3168 554.
506 3099 597 3169 Eum.
621 3101 638 3141 *
660 3103 735 3168 315.
756 3098 854 3189 Soph.
887 3099 965 3165 Aut.
989 3098 1006 3139 *
1027 3098 1103 3164 583.
1136 3096 1189 3165 Tr.
1210 3101 1241 3165 2.
1263 3100 1316 3166 34.

76 3201 135 3269 Ph.
160 3204 254 3274 1348.
276 3201 326 3273 El.
348 3203 366 3243 ’¹‘
388 3205 462 3275 852.
485 3207 579 3274 1024.
600 3204 676 3272 Eur.
698 3203 769 3272 Alc.
790 3203 875 3291 2337.
909 3202 1009 3270 Andr.
1032 3203 1050 3244 *
1084 3204 1178 3269 1215.
1204 3200 1317 3271 Bacch.

76 3305 94 3345 '¹‘
116 3307 190 3373 397.
213 3305 286 3394 Jph.
310 3305 403 3375 Taur.
425 3307 443 3347 '¹‘
465 3310 559 3377 1122.
581 3308 651 3377 Jon.
675 3309 748 3375 625.
771 3306 853 3376 Med.
875 3309 950 3377 243.
972 3305 1028 3374 Or.
1050 3308 1124 3374 603.
1145 3345 1189 3355 —-
1210 3303 1317 3391 βορά

74 3411 108 3476 ct
131 3408 271 3494 φορβή
294 3428 387 3478 voces
410 3409 449 3478 de
470 3413 565 3498 pastu
586 3411 758 3481 bestiarum
780 3411 919 3481 usitatae
941 3431 960 3479 a
981 3409 1115 3497 tragicis
1137 3409 1316 3497 Jonicisqua

72 3510 279 3600 scriptoribus
301 3512 340 3580 dc
365 3512 524 3580 hominum
558 3514 625 3583 cibo
658 3519 861 3604 usurpantur.
916 3515 965 3583 Ac
998 3514 1086 3601 βορά,
1119 3516 1202 3603 quod
1233 3513 1316 3602 apud

73 3613 165 3683 Hom.
187 3616 310 3685 omnino
332 3636 394 3684 nou
415 3617 542 3704 legitur,
565 3621 661 3706 atque
682 3619 765 3707 apud
786 3618 869 3686 Plat.
892 3617 990 3688 semel
1022 3618 1061 3687 dc
1083 3618 1203 3703 bestiis
1225 3617 1323 3685 Prot..

72 3738 104 3806 p.
126 3718 238 3796 3213..
260 3719 387 3789 notione
409 3719 462 3788 illa
483 3720 644 3790 invenitur
664 3721 740 3791 Her.
762 3722 788 3791 Ι.
812 3725 885 3790 119.
917 3722 1012 3811 Hipp.
1045 3744 1076 3811 p.
1098 3723 1174 3790 599.
1217 3719 1313 3809 Soph.

73 3820 110 3889 0.
132 3821 170 3890 R.
195 3825 289 3890 1463.
311 3822 369 3890 ΡΙ.
391 3825 466 3890 274.
488 3827 563 3893 308.
586 3825 625 3892 fr.
652 3828 759 3911 678,8,
792 3825 819 3894 si
854 3824 957 3893 Grotii
990 3825 1169 3894 coniectura
1200 3824 1314 3913 placet.

72 3925 188 3995 Aesch.
223 3927 312 3996 Pers,
345 3929 419 3996 490.
453 3928 517 4014 Ag.
552 3931 646 3997 1220.
690 3931 783 3998 1597.
818 3926 997 4016 (κρεοβόρος
1028 3928 1136 4018 Suppl.
1169 3932 1244 3997 287.
1275 3927 1314 3995 do

71 4029 265 4118 Amazonis).
285 4030 361 4099 Eur.
383 4031 454 4101 Hel.
476 4035 550 4100 502.
572 4032 621 4100 ΕΙ.
643 4035 718 4103 425.
740 4035 815 4101 429.
838 4032 947 4122 Suppl.
960 4035 1035 4101 865.
1046 4033 1119 4122 Jph.
1130 4033 1222 4101 Taur.
1238 4035 1313 4102 388.

70 4136 146 4202 973.
168 4135 238 4203 Jon.
264 4138 360 4203 1169.
381 4133 467 4223 Gyri.
489 4140 542 4205 88.
567 4139 639 4205 122.
661 4140 735 4206 249.
757 4140 831 4206 254.
854 4140 929 4206 289.
952 4137 1052 4223 φορβή
1080 4138 1156 4207 Her.
1190 4137 1206 4204 Ι
1237 4139 1312 4206 202.

70 4241 146 4307 211.
168 4239 214 4307 IV
238 4243 311 4308 121.
333 4239 394 4308 VH
417 4243 469 4309 50.
495 4243 566 4309 107.
590 4243 662 4310 119.
685 4242 780 4330 Hipp.
803 4263 834 4330 p.
856 4244 931 4309 263.
954 4240 1050 4330 Soph.
1072 4241 1151 4310 Aut.
1167 4243 1241 4310 775.
1253 4241 1312 4311 Ph.

69 4344 124 4411 43.
147 4344 165 4384 ‘¹¹
188 4345 261 4413 162.
283 4344 301 4384 *
324 4346 397 4412 706.
419 4344 670 4413 ’1711911107
713 4345 823 4433 Neque
834 4345 991 4414 Homerus
1011 4365 1069 4415 nec
1091 4345 1188 4415 ceteri
1199 4348 1317 4434 poetae·

70 4445 183 4532 tragici
206 4446 265 4516 hac
287 4447 374 4516 vocis
396 4446 524 4516 notione
544 4447 593 4516 usi
615 4451 701 4534 sunt,
722 4449 932 4538 posteriorum
964 4469 1040 4519 vero
1061 4449 1124 4539 Ap.
1146 4449 1246 4518 Rhod.
1268 4484 1312 4500 —-

70 4547 202 4635 τέρας
223 4551 350 4621 notione
370 4544 717 4622 ‘monstro-Atticum
739 4555 800 4640 est
822 4555 861 4622 ut
881 4552 978 4623 semel
999 4553 1083 4644 apud
1104 4554 1162 4641 Js.,
1172 4553 1319 4643 612133·-
