3038 4966
248 1175 333 1293 lll.
381 1178 453 1294 De
492 1174 795 1292 dictionum
835 1173 1250 1291 colustruotione.

215 1543 334 1613 'Pauca
356 1547 481 1612 tantum
503 1542 562 1612 hoc
584 1541 688 1632 capite
709 1539 890 1630 prolaturus
912 1558 992 1624 sum,
1019 1557 1090 1607 cum
1122 1537 1154 1605 in
1186 1537 1368 1608 universum

80 1663 85 1675 ·
128 1646 256 1715 eandem
278 1648 423 1716 nimirum
444 1647 608 1717 enuntiata
630 1642 831 1714 construendi
853 1643 1013 1712 rationem,
1024 1640 1185 1712 consecuti
1196 1641 1262 1710 sint
1272 1641 1369 1710 Jones

126 1755 221 1840 atque
243 1751 356 1822 Attici.
399 1752 466 1821 Nec
487 1756 593 1821 tamen
615 1769 744 1838 prorsus
755 1749 870 1817 desunt
882 1746 1190 1835 exempla‚equibos
1213 1745 1370 1815 efficiatur

127 1854 253 1926 Jouicos
274 1855 432 1924 interdum
453 1855 623 1942 scriptores
645 1853 739 1922 aliter
759 1852 811 1922 vel
833 1851 1001 1921 collocasse
1023 1850 1120 1921 verba
1136 1851 1188 1920 val
1199 1869 1368 1937 usurpasse

125 1978 162 2026 ac
183 1959 354 2049 scriptores
366 1958 504 2027 Atticos,
547 1957 596 2026 Ac
617 1977 658 2026 ne
679 1956 729 2026 his
744 1955 1014 2045 quideminrebus
1025 1954 1197 2043 Sophocles
1209 1953 1368 2022 dubitavit

128 2061 237 2132 Jonica
259 2063 347 2151 sequi
369 2062 515 2149 vestigia.
549 2062 598 2131 Ac
609 2061 742 2151 primum
765 2060 888 2149 quidem
910 2060 1167 2147 genitivum
1189 2057 1369 2146 partiti·

129 2186 225 2234 vum
257 2185 385 2255 perraro
407 2167 510 2236 Attici
532 2166 703 2254 scriptores
724 2165 809 2234 inter
830 2165 996 2234 articulum
1018 2184 1148 2253 eamque
1180 2183 1299 2248 vocem,
1333 2163 1373 2231 ad

125 2290 217 2358 qnam
238 2273 363 2360 spectat
385 2271 547 2354 articulos,
570 2270 775 2344 intericiunt:
797 2289 834 2340 oc
851 2288 931 2359 quae
942 2268 1124 2338 Atticorum
1134 2268 1197 2337 huc
1208 2267 1370 2356 pertinent

124 2375 277 2463 exempla,
310 2375 412 2444 omnia
444 2375 490 2444 ita
520 2375 655 2443 formata
687 2378 774 2461 sunt,
806 2379 844 2442 ut
874 2377 948 2444 ante
980 2373 1157 2461 genitivum
1182 2371 1370 2460 partitivum

125 2477 209 2545 aliud
230 2477 398 2546 antecedat
418 2476 654 2564 vocabulum.¹)
698 2477 745 2546 Ut
773 2481 882 2547 exstat
913 2478 991 2566 Lys.
1024 2475 1090 2544 Xlll
1123 2479 1176 2548 44.
1218 2474 1284 2542 ἴστε
1316 2473 1369 2560 μὲν

78 2640 83 2651 ,
120 2578 179 2666 γὰρ
201 2579 272 2655 τοὺς
293 2579 328 2647 ἐκ
349 2583 517 2665 Σαλαμῖνος
537 2590 597 2646 τῶν
628 2585 758 2650 πολιτῶν
789 2578 987 2667 κομισθέντας
1007 2605 1036 2647 κ.
1058 2605 1083 2649 τ.
1107 2584 1148 2666 la,
1169 2580 1215 2652 JS.
1227 2600 1258 2668 p.
1272 2581 1369 2650 148a.

122 2684 192 2759 τοὺς
214 2683 265 2769 μὲν
288 2693 392 2760 κακῶς
413 2682 637 2772 τεθραμμένους
657 2685 709 2752 καὶ
729 2685 801 2763 τοὺς
821 2684 956 2772 ἀκριβῶς
983 2694 1043 2751 τῶν
1065 2684 1163 2771 νόμιον
1186 2681 1371 2771 &naperpap-

130 2786 236 2876 μένους
257 2813 287 2856 κ.
309 2813 336 2855 τ.
358 2794 387 2856 λ.
420 2789 496 2862 Her.
518 2794 624 2861 autem
646 2809 741 2879 saepe
774 2790 951 2878 genitivum
983 2790 1168 2878 partitivum
1190 2789 1274 2859 inter
1296 2786 1371 2856 arti-

125 2893 229 2962 culum
251 2896 285 2962 et
306 2913 418 2964 nomen
440 2894 607 2984 insequens
629 2895 804 2981 collocavit,
835 2898 872 2962 ut
893 2895 904 2962 1
926 2899 979 2966 98.
1004 2898 1076 2965 108.
1100 2896 1172 2962 143.
1197 2896 1270 2964 146.
1295 2893 1368 2962 161.

126 3000 198 3068 171.
224 2998 296 3070 194.
329 2997 352 3064 11
378 3001 449 3065 148.
482 2998 591 3071 11126.
615 3002 667 3070 89.
702 2999 745 3067 lV
767 3003 798 3070 2.
820 3001 875 3069 94.
906 2999 937 3066 V
960 3003 989 3069 1.
1023 2997 1172 3067 Vll110.
1198 2998 1271 3067 199.
1297 2998 1369 3067 166.

125 3101 191 3169 Vlll
217 3106 242 3170 l.
266 3105 297 3169 4.
320 3101 438 3172 Eadem
459 3123 536 3171 usus
557 3107 608 3172 est
629 3103 725 3192 Soph.
747 3103 875 3173 licentia
897 3103 981 3174 0.R.
1004 3105 1078 3171 660.
1101 3099 1151 3191 (οὔ
1173 3101 1223 3169 τὸν
1250 3099 1368 3168 πάντων

123 3210 205 3272 θεῶν
232 3204 346 3292 πρόμον
368 3210 384 3293 s
396 3201 530 3294 Ἅλιον),
554 3206 638 3278 0.0.
660 3211 734 3280 925.
757 3207 836 3295 (οὐδ’
848 3206 874 3274 εἰ
891 3207 929 3274 τὰ
940 3205 1058 3274 τοὶντυνν
1069 3205 1150 3293 εἶχον
1161 3204 1369 3294 ἐνδικώτατα),

122 3310 171 3381 ΕΙ.
193 3313 269 3382 903.
286 3311 445 3397 (φιλτάτου
468 3315 583 3398 βροτῶν
592 3309 734 3398 [πάντων
755 3305 929 3398 Ὀρέστου).
941 3351 985 3360 -
997 3309 1234 3397 συντυγχάνοι
1246 3310 1367 3395 deinde,

127 3413 209 3501 quod
232 3415 314 3502 apud
336 3415 463 3485 Atticos
485 3417 655 3504 scriptores
688 3437 758 3486 cum
791 3415 899 3484 dativo
933 3415 1085 3502 iungitur,
1119 3415 1239 3485 duobus
1271 3414 1368 3504 Soph.

123 3515 201 3585 locis
223 3537 293 3586 cum
314 3519 457 3607 genitivo
480 3520 679 3589 coniunctum
701 3519 848 3590 occurrit.
892 3519 1011 3587 Exstat
1033 3518 1114 3587 enim
1137 3517 1174 3587 0.
1187 3516 1222 3590 0.
1244 3520 1369 3591 *1489

123 3618 253 3686 ἐναισίου
276 3621 310 3688 δὲ
332 3623 517 3710 υυντύχοιμι,
540 3624 655 3694 91Ρ11.
677 3628 753 3694 320.
777 3622 929 3709 συντυχὼν
941 3627 1072 3708 κακῶν]
1083 3620 1199 3710 ἀνδρῶν
1207 3617 1370 3710 Ἀτρειδῶν

123 3732 178 3811 τῆς
199 3725 226 3823 τ’
246 3718 420 3805 Ὀδυσσέως
442 3730 517 3812 βίας.
561 3729 610 3799 Ac
631 3729 782 3817 leguntur
803 3729 917 3797 similia
939 3728 1022 3816 apud
1043 3729 1169 3798 Jouioos
1186 3728 1367 3816 scriptores,

122 3829 200 3900 Her.
232 3829 275 3896 lv
309 3835 380 3899 140.
425 3840 480 3919 τῆς
522 3832 654 3920 γεφύρας
697 3831 877 3920 ἐντυχόντες.
920 3833 1016 3922 Hipp.
1048 3854 1080 3923 p.
1113 3836 1189 3904 450.
1225 3830 1295 3900 ὅταν
1326 3871 1370 3882 -

124 3931 302 4020 ἐπιτυγχάνμ
324 3943 377 4001 τοῦ
400 3935 488 4004 πύου.
531 3936 640 4026 Neque
657 3937 763 4026 ¹igitur
784 3935 869 4009 0.(1.
893 3938 910 3979 *
935 3940 1029 4009 1482.
1063 3935 1173 4007 Cobeti
1207 3957 1285 4025 opus
1318 3940 1370 4006 est

122 4038 297 4107 mutatione
318 4059 377 4109 nec
398 4039 457 4112 Ph.
479 4044 554 4111 320.
577 4041 747 4112 artificiosa
768 4041 966 4131 Kruegerm)
988 4041 1263 4131 interpretatione,
1299 4061 1368 4110 cum

123 4147 258 4231 utroque
290 4142 379 4212 nobis
410 4163 533 4214 sumere
566 4144 661 4214 liceat
698 4145 766 4214 loco
799 4145 985 4234 Sophoclem
1029 4147 1170 4217 Jonicam
1213 4146 1368 4216 rationem

123 4245 244 4316 dicendi
267 4245 421 4317 imitatum
443 4267 522 4320 esse.
545 4248 586 4316 Jd
607 4249 690 4338 quod
711 4250 912 4321 verisimilius
933 4252 1023 4322 nobis
1046 4251 1207 4322 videbitur
1230 4269 1309 4339 esse,
1341 4249 1368 4319 si

399 4377 539 4387 σὴ-

160 4428 302 4505 11131111.
321 4430 335 4484 l
354 4434 370 4496 ξ
387 4432 459 4496 479.
477 4430 537 4487 adn.
558 4432 792 4500 1111019130.
810 4432 845 4487 ad
862 4434 927 4503 Lys.
948 4433 1018 4490 xm
1035 4433 1078 4496 44,

161 4514 184 4584 ²)
203 4516 237 4579 ot.
255 4518 376 4584 Krueger
392 4519 419 4573 11
437 4519 511 4584 545,
529 4518 571 4579 14
589 4517 650 4574 adn·
667 4521 694 4581 6.
1090 4522 1092 4527 “
