3038 4966
265 1328 339 1444 si.
379 1329 451 1442 De
489 1328 778 1443 uerborum
817 1328 1017 1444 formio.

138 1568 267 1642 britium
294 1568 465 1637 disserendi
487 1567 645 1657 capiamus
667 1590 685 1636 a
708 1567 893 1652 mitteris,
928 1588 1005 1655 quas
1036 1569 1177 1637 omuibus
1204 1568 1280 1636 locis

36 1673 284 1760 tragicipoetae
305 1672 433 1756 habeut,
457 1691 527 1740 cum
560 1672 704 1740 Atticum
736 1671 779 1738 sit
800 1671 873 1756 cai)
928 1671 996 1740 Hoc
1019 1672 1100 1740 enim
1122 1672 1222 1760 selum
1248 1670 1280 1736 iu

36 1777 139 1844 tituiis
162 1776 281 1845 Atticis
304 1776 464 1844 iuvenitur
486 1779 581 1863 atque
603 1776 634 1842 iu
656 1775 751 1844 uasis
785 1777 880 1846 etiam
912 1776 1077 1844 Homerica
1108 1777 1204 1844 verba
1235 1775 1281 1841 ita

37 1883 160 1948 mutata
182 1883 361 1965 occurrunt,
384 1883 421 1947 ut
442 1900 498 1968 pro
522 1903 559 1944 00
591 1879 756 1947 Homerico
786 1904 821 1943 ττ
854 1880 998 1947 Atticum
1031 1880 1168 1968 positum
1199 1877 1280 1962 sier)

37 1983 137 2050 Unica
159 1983 304 2071 exceptio
337 1986 388 2050 est
420 1984 519 2050 forma
550 1980 719 2070 σέσ)σ)αρα,
753 2003 832 2069 quae
864 1983 959 2050 semel
992 1983 1111 2069 legitur
1143 1983 1174 2050 iu
1207 2003 1282 2050 vase

40 2087 156 2155 saeculi
179 2087 249 2154 Vll.
272 2086 324 2155 uel
346 2086 401 2154 Vi.
446 2086 555 2154 Jouico
577 2107 662 2154 more
685 2110 722 2152 σσ
745 2087 897 2154 scribendi
920 2090 1046 2175 praeter
1072 2089 1211 2174 tragicos
1233 2087 1282 2154 usi

37 2194 112 2259 suut
134 2211 245 2279 prosae
276 2191 426 2259 orationis
447 2191 617 2279 scriptores
640 2190 842 2274 vetustiores,
866 2194 902 2257 ut
917 2191 1087 2280 ¹riutiphou
1110 2193 1283 2279 6676566)-

38 2295 135 2379 didos,
159 2315 228 2362 cum
251 2294 374 2380 Lysias,
397 2295 567 2378 isocrates
590 2294 682 2362 Plato
705 2293 755 2360 alii
784 2314 903 2361 merum
935 2315 1108 2363 sermonem
1139 2296 1283 2364 Atticum

37 2397 136 2466 secuti
161 2396 268 2483 sint³>

18 2576 21 2584 ¹
142 2500 293 2568 Similiter
327 2501 366 2568 de
390 2523 427 2585 ρσ
448 2500 645 2567 iudicandum
667 2503 726 2584 est,
759 2502 841 2588 quod
864 2505 913 2570 est
936 2502 974 2570 ab
997 2502 1107 2570 Attico
1141 2523 1283 2570 sermone

39 2603 184 2688 alienum,
206 2605 266 2672 uisi
289 2604 370 2692 quod
393 2603 552 2671 vocabulis
574 2603 743 2671 formandis
766 2605 816 2674 uel
839 2606 996 2673 mutandis
1019 2607 1162 2691 efficitur,
1196 2606 1285 2673 uelint

40 2707 71 2773 iu
95 2712 284 2793 ρράτσρ-σι,
307 2705 488 2793 ἀνακάθαρ-
501 2731 554 2792 σις,
588 2707 778 2796 6661116666)
823 2709 923 2778 Dores
954 2730 1075 2798 quoque
1098 2733 1134 2795 pp
1157 2711 1284 2778 habeut.

41 2809 143 2878 Attici
165 2831 240 2879 vero
262 2810 375 2897 tragici
397 2815 510 2898 poetae
533 2814 567 2879 et
588 2813 757 2900 scriptores
780 2813 972 2881 vetustiores
995 2837 1032 2899 ρσ
1052 2813 1284 2902 scripserunt.⁵)

41 2905 170 3001 θαρρεῖν
193 2915 324 3004 excrupli
351 2934 444 2982 causa
466 2916 596 2983 verbum
619 2940 655 3001 pp
677 2917 794 2986 litteris
821 2919 859 2986 ab
881 2918 1001 2986 Atticis
1033 2918 1185 3006 scriptum
1216 2940 1285 2988 esse

41 3020 140 3086 forma
162 3011 590 3106 nominiseap’piiacapparet,
613 3040 692 3107 quae
714 3025 764 3088 est
785 3021 901 3089 saeculi
923 3021 1034 3109 quinti.
1078 3021 1172 3109 Apud
1189 3021 1285 3111 Soph.

41 3125 146 3189 autem
167 3126 291 3207 θαρσεῖν
313 3120 399 3189 hisce
421 3121 496 3190 locis
530 3126 656 3190 exstat:
680 3123 757 3190 Aut.
779 3127 854 3191 669.
877 3128 951 3193 668.
974 3127 1066 3192 6986.
1091 3124 1283 3195 6161666.

47 3224 83 3292 Ο.
107 3223 140 3293 0.
161 3228 237 3292 305.
260 3227 335 3292 491.
357 3227 432 3292 649.
466 3229 636 3293 664796.
671 3230 763 3294 1186.
807 3227 866 3294 Ph.
889 3229 981 3296 6146.
1005 3232 1082 3296 667.
1108 3232 1179 3296 774.
1212 3233 1285 3298 810.

43 3331 236 3396 8941967.
285 3328 333 3396 El.
368 3329 471 3397 6176.
494 3334 569 3397 314.
592 3334 666 3398 329.
698 3335 791 3398 1436.
846 3332 898 3398 Ai.
925 3336 977 3400 68.
1013 3335 1086 3400 793.
1121 3337 1215 3401 1268.
1247 3335 1263 3400 i
1279 3388 1286 3403 .

43 3435 95 3498 63.
121 3436 196 3499 614.
219 3435 293 3500 698.
337 3431 455 3501 Eodem
476 3434 567 3501 modo
591 3437 640 3501 est
662 3431 777 3519 θάρσος
798 3434 857 3501 Ph.
879 3438 953 3503 697.
982 3439 1056 3504 807.
1079 3440 1113 3504 et
1146 3438 1287 3522 θαρσύνω

43 3535 92 3602 ΕΙ.
114 3539 189 3603 916.
213 3534 307 3620 ἄρσην
329 3556 386 3624 pro
408 3535 519 3604 Attico
543 3527 712 3623 dp'p‘pr'Tr.
736 3538 838 3605 6906.
864 3543 957 3606 1196.
990 3539 1026 3607 Ο.
1048 3541 1085 3608 R.
1123 3546 1216 3609 1459.
1249 3541 1288 3610 0.

44 3640 78 3708 Ο.
102 3643 176 3708 339.
221 3641 280 3708 Ph.
303 3643 320 3682 6
344 3645 437 3710 1455.
460 3644 498 3712 fr.
522 3647 596 3711 469.
625 3643 777 3729 Τυρσηνός
809 3645 824 3709 f
840 3697 847 3714 .
871 3644 888 3683 6
910 3646 983 3710 256.
1028 3645 1211 3729 Τυρσηνικός
1234 3645 1286 3711 Ai.

46 3748 96 3812 17.
119 3746 158 3813 fr.
180 3748 254 3812 527.
298 3745 448 3814 Fortasse
470 3747 564 3814 etiam
586 3747 691 3832 πόρσω
714 3747 775 3815 huc
797 3747 890 3831 cadit,
914 3747 996 3834 quod
1017 3747 1177 3816 iuvenitur
1200 3748 1237 3816 Ο.
1252 3747 1286 3817 Ο.

45 3851 62 3890 6
87 3852 158 3917 178.
181 3851 198 3889 6
224 3853 295 3916 181.
318 3850 367 3918 El.
390 3853 407 3891 6
429 3855 503 3921 913.
547 3852 627 3919 Nam
649 3852 745 3919 huius
767 3853 884 3919 formae
916 3851 983 3918 loco
1006 3850 1107 3918 Attici
1130 3852 1177 3918 usi
1210 3855 1286 3917 suut

45 3955 144 4022 forma
166 3944 316 4042 uo'pip‘co.¹)

80 4105 101 4172 ¹)
119 4105 153 4160 ci.
173 4103 389 4157 Blas's·Kueiruer
407 4104 420 4156 1
438 4121 464 4170 p.
483 4104 529 4161 21.

79 4192 102 4260 2)
121 4192 157 4250 cf.
175 4191 351 4243 Heistcrhans
368 4207 396 4256 p.
416 4192 457 4254 77,
477 4195 492 4255 5
510 4192 554 4249 36.

79 4279 150 4346 3)61
174 4278 392 4330 Blaeso-Rucuma
410 4277 456 4346 lp
486 4279 534 4332 168

80 4364 103 4432 ⁴)
122 4364 158 4423 cf.
175 4363 354 4418 Meistarhuus
373 4379 397 4429 p¹
422 4365 462 4426 76,
482 4367 497 4427 ξ
515 4365 557 4425 35,
612 4374 615 4379 ’

81 4450 104 4518 ⁶)
126 4451 162 4511 ci,
182 4449 429 4504 Elaos-Kuehuer'l
447 4465 464 4514 p
493 4450 555 4507 147.

82 4536 105 4603 6)
125 4537 159 4596 cf.
178 4535 398 4589 alass-muchan
417 4534 446 4589 11
463 4536 516 4590 605
538 4541 562 4588 Ε.
