<?xml version="1.0" encoding="UTF-8"?>
<!DOCTYPE html PUBLIC "-//W3C//DTD XHTML 1.0 Transitional//EN"
    "http://www.w3.org/TR/xhtml1/DTD/xhtml1-transitional.dtd">
<html xmlns="http://www.w3.org/1999/xhtml" xml:lang="en" lang="en">
 <head>
  <title>
</title>
<meta http-equiv="Content-Type" content="text/html;charset=utf-8" />
  <meta name='ocr-system' content='tesseract 3.04.00' />
  <meta name='ocr-capabilities' content='ocr_page ocr_carea ocr_par ocr_line ocrx_word'/>
</head>
<body>
  <div class='ocr_page' id='page_1' title='image "./sermosophocleus00wittgoog_0066.png"; bbox 0 0 3038 4966; ppageno 0'>
   <div class='ocr_carea' id='block_1_1' title="bbox 629 893 833 1008">
    <p class='ocr_par' dir='ltr' id='par_1_1' title="bbox 629 893 833 1008">
     <span class='ocr_line' id='line_1_1' title="bbox 629 893 833 1008; baseline -0.015 -10"><span class='ocrx_word' id='word_1_1' title='bbox 629 893 833 1008; x_wconf 78' lang='lat' dir='ltr'>Vlta,</span> 
     </span>
    </p>
   </div>
   <div class='ocr_carea' id='block_1_2' title="bbox 94 1180 1410 3236">
    <p class='ocr_par' dir='ltr' id='par_1_2' title="bbox 94 1180 1410 2838">
     <span class='ocr_line' id='line_1_2' title="bbox 215 1180 1351 1272; baseline -0.006 -12"><span class='ocrx_word' id='word_1_2' title='bbox 215 1191 318 1260; x_wconf 91' lang='lat' dir='ltr'>Natus</span> <span class='ocrx_word' id='word_1_3' title='bbox 349 1209 419 1260; x_wconf 90' lang='lat' dir='ltr'>sum</span> <span class='ocrx_word' id='word_1_4' title='bbox 452 1187 607 1258; x_wconf 88' lang='lat' dir='ltr'>Hemious</span> <span class='ocrx_word' id='word_1_5' title='bbox 641 1183 823 1254; x_wconf 88' lang='lat' dir='ltr'>Wittekind</span> <span class='ocrx_word' id='word_1_6' title='bbox 856 1183 1019 1272; x_wconf 88' lang='lat' dir='ltr'>Budingae</span> <span class='ocrx_word' id='word_1_7' title='bbox 1046 1205 1075 1255; x_wconf 85' lang='lat' dir='ltr'>a.</span> <span class='ocrx_word' id='word_1_8' title='bbox 1099 1184 1129 1255; x_wconf 87' lang='lat' dir='ltr'>d.</span> <span class='ocrx_word' id='word_1_9' title='bbox 1157 1182 1245 1255; x_wconf 86' lang='lat' dir='ltr'><strong>XIII.</strong></span> <span class='ocrx_word' id='word_1_10' title='bbox 1278 1180 1351 1253; x_wconf 84' lang='lat' dir='ltr'>Kal.</span> 
     </span>
     <span class='ocr_line' id='line_1_3' title="bbox 113 1287 1351 1380; baseline -0.005 -18"><span class='ocrx_word' id='word_1_11' title='bbox 113 1295 227 1367; x_wconf 82' lang='lat' dir='ltr'>Sextii.</span> <span class='ocrx_word' id='word_1_12' title='bbox 261 1295 333 1364; x_wconf 88' lang='lat' dir='ltr'>armi</span> <span class='ocrx_word' id='word_1_13' title='bbox 359 1294 391 1363; x_wconf 89' lang='lat' dir='ltr'>h.</span> <span class='ocrx_word' id='word_1_14' title='bbox 419 1313 446 1364; x_wconf 82' lang='lat' dir='ltr'>a</span> <span class='ocrx_word' id='word_1_15' title='bbox 472 1291 603 1361; x_wconf 86' lang='lat' dir='ltr'><strong>LXVII.</strong></span> <span class='ocrx_word' id='word_1_16' title='bbox 625 1293 717 1380; x_wconf 87' lang='lat' dir='ltr'>patre</span> <span class='ocrx_word' id='word_1_17' title='bbox 739 1289 866 1374; x_wconf 89' lang='lat' dir='ltr'>Jacobo,</span> <span class='ocrx_word' id='word_1_18' title='bbox 888 1292 989 1358; x_wconf 89' lang='lat' dir='ltr'>matre</span> <span class='ocrx_word' id='word_1_19' title='bbox 1012 1287 1192 1359; x_wconf 78' lang='lat' dir='ltr'>Christiana</span> <span class='ocrx_word' id='word_1_20' title='bbox 1213 1309 1230 1357; x_wconf 91' lang='lat' dir='ltr'>e</span> <span class='ocrx_word' id='word_1_21' title='bbox 1253 1291 1351 1374; x_wconf 87' lang='lat' dir='ltr'>gente</span> 
     </span>
     <span class='ocr_line' id='line_1_4' title="bbox 112 1391 1352 1487; baseline -0.007 -18"><span class='ocrx_word' id='word_1_22' title='bbox 112 1400 232 1487; x_wconf 80' lang='lat' dir='ltr'><strong>Meyer.</strong></span> <span class='ocrx_word' id='word_1_23' title='bbox 276 1398 385 1467; x_wconf 86' lang='lat' dir='ltr'>Fidem</span> <span class='ocrx_word' id='word_1_24' title='bbox 417 1397 567 1486; x_wconf 88' lang='lat' dir='ltr'>profiteor</span> <span class='ocrx_word' id='word_1_25' title='bbox 600 1394 823 1482; x_wconf 80' lang='lat' dir='ltr'>evangelicam.</span> <span class='ocrx_word' id='word_1_26' title='bbox 867 1393 1063 1461; x_wconf 78' lang='lat' dir='ltr'>Litterarum</span> <span class='ocrx_word' id='word_1_27' title='bbox 1095 1391 1258 1462; x_wconf 88' lang='lat' dir='ltr'>elementis</span> <span class='ocrx_word' id='word_1_28' title='bbox 1296 1391 1352 1460; x_wconf 93' lang='lat' dir='ltr'>illo</span> 
     </span>
     <span class='ocr_line' id='line_1_5' title="bbox 94 1496 1353 1592; baseline -0.006 -20"><span class='ocrx_word' id='word_1_29' title='bbox 94 1555 96 1559; x_wconf 74' lang='lat'><em>.</em></span> <span class='ocrx_word' id='word_1_30' title='bbox 111 1504 179 1592; x_wconf 93' lang='lat' dir='ltr'>ipso</span> <span class='ocrx_word' id='word_1_31' title='bbox 198 1503 231 1570; x_wconf 92' lang='lat' dir='ltr'>in</span> <span class='ocrx_word' id='word_1_32' title='bbox 247 1503 358 1590; x_wconf 94' lang='lat' dir='ltr'>oppido</span> <span class='ocrx_word' id='word_1_33' title='bbox 375 1501 514 1571; x_wconf 91' lang='lat' dir='ltr'>imbutus</span> <span class='ocrx_word' id='word_1_34' title='bbox 530 1519 609 1568; x_wconf 91' lang='lat' dir='ltr'>anno</span> <span class='ocrx_word' id='word_1_35' title='bbox 621 1497 783 1567; x_wconf 88' lang='lat' dir='ltr'><strong>LXXVII.</strong></span> <span class='ocrx_word' id='word_1_36' title='bbox 800 1496 959 1585; x_wconf 86' lang='lat' dir='ltr'>discipulis</span> <span class='ocrx_word' id='word_1_37' title='bbox 976 1497 1134 1586; x_wconf 88' lang='lat' dir='ltr'>gymnasii</span> <span class='ocrx_word' id='word_1_38' title='bbox 1143 1496 1353 1584; x_wconf 88' lang='lat' dir='ltr'>Budingensis</span> 
     </span>
     <span class='ocr_line' id='line_1_6' title="bbox 113 1601 1351 1694; baseline -0.004 -19"><span class='ocrx_word' id='word_1_39' title='bbox 113 1607 268 1694; x_wconf 90' lang='lat' dir='ltr'>ascriptus</span> <span class='ocrx_word' id='word_1_40' title='bbox 289 1627 370 1678; x_wconf 89' lang='lat' dir='ltr'>sum.</span> <span class='ocrx_word' id='word_1_41' title='bbox 413 1604 609 1674; x_wconf 85' lang='lat' dir='ltr'>Maturitatia</span> <span class='ocrx_word' id='word_1_42' title='bbox 642 1602 857 1672; x_wconf 87' lang='lat' dir='ltr'>testimonium</span> <span class='ocrx_word' id='word_1_43' title='bbox 889 1602 1023 1692; x_wconf 85' lang='lat' dir='ltr'>adeptus</span> <span class='ocrx_word' id='word_1_44' title='bbox 1055 1623 1135 1670; x_wconf 87' lang='lat' dir='ltr'>anno</span> <span class='ocrx_word' id='word_1_45' title='bbox 1169 1601 1351 1671; x_wconf 89' lang='lat' dir='ltr'><strong>LXXXVI.</strong></span> 
     </span>
     <span class='ocr_line' id='line_1_7' title="bbox 112 1707 1354 1798; baseline -0.002 -21"><span class='ocrx_word' id='word_1_46' title='bbox 112 1710 353 1798; x_wconf 90' lang='lat' dir='ltr'>Heidelbergam</span> <span class='ocrx_word' id='word_1_47' title='bbox 386 1729 436 1778; x_wconf 90' lang='lat' dir='ltr'>me</span> <span class='ocrx_word' id='word_1_48' title='bbox 468 1709 585 1778; x_wconf 91' lang='lat' dir='ltr'>contuli</span> <span class='ocrx_word' id='word_1_49' title='bbox 616 1708 720 1796; x_wconf 82' lang='lat' dir='ltr'>ibique</span> <span class='ocrx_word' id='word_1_50' title='bbox 742 1727 799 1796; x_wconf 86' lang='lat' dir='ltr'>per</span> <span class='ocrx_word' id='word_1_51' title='bbox 820 1707 983 1797; x_wconf 83' lang='lat' dir='ltr'>quinquies</span> <span class='ocrx_word' id='word_1_52' title='bbox 1005 1728 1063 1776; x_wconf 82' lang='lat' dir='ltr'>sex</span> <span class='ocrx_word' id='word_1_53' title='bbox 1085 1727 1209 1778; x_wconf 90' lang='lat' dir='ltr'>menses</span> <span class='ocrx_word' id='word_1_54' title='bbox 1231 1707 1354 1776; x_wconf 87' lang='lat' dir='ltr'>scholas</span> 
     </span>
     <span class='ocr_line' id='line_1_8' title="bbox 112 1811 1353 1902; baseline -0.003 -20"><span class='ocrx_word' id='word_1_55' title='bbox 112 1815 184 1900; x_wconf 91' lang='lat' dir='ltr'>adii,</span> <span class='ocrx_word' id='word_1_56' title='bbox 218 1834 296 1902; x_wconf 86' lang='lat' dir='ltr'>quas</span> <span class='ocrx_word' id='word_1_57' title='bbox 328 1814 506 1882; x_wconf 89' lang='lat' dir='ltr'>habuerunt</span> <span class='ocrx_word' id='word_1_58' title='bbox 537 1812 597 1882; x_wconf 87' lang='lat' dir='ltr'>viri</span> <span class='ocrx_word' id='word_1_59' title='bbox 625 1811 796 1881; x_wconf 84' lang='lat' dir='ltr'>doctissimi</span> <span class='ocrx_word' id='word_1_60' title='bbox 840 1811 985 1898; x_wconf 79' lang='lat' dir='ltr'>Bartsch,</span> <span class='ocrx_word' id='word_1_61' title='bbox 1020 1811 1125 1898; x_wconf 87' lang='lat' dir='ltr'>Duhn,</span> <span class='ocrx_word' id='word_1_62' title='bbox 1147 1811 1188 1882; x_wconf 87' lang='lat' dir='ltr'>K.</span> <span class='ocrx_word' id='word_1_63' title='bbox 1210 1811 1353 1897; x_wconf 84' lang='lat' dir='ltr'>Fischer,</span> 
     </span>
     <span class='ocr_line' id='line_1_9' title="bbox 115 1914 1410 2004; baseline -0.002 -18"><span class='ocrx_word' id='word_1_64' title='bbox 115 1914 255 2004; x_wconf 80' lang='lat' dir='ltr'>Osthoff,</span> <span class='ocrx_word' id='word_1_65' title='bbox 271 1917 391 2003; x_wconf 88' lang='lat' dir='ltr'>Rohde,</span> <span class='ocrx_word' id='word_1_66' title='bbox 413 1916 529 1988; x_wconf 82' lang='lat' dir='ltr'>Senon.</span> <span class='ocrx_word' id='word_1_67' title='bbox 573 1915 737 1986; x_wconf 87' lang='lat' dir='ltr'>Seminarii</span> <span class='ocrx_word' id='word_1_68' title='bbox 759 1915 939 2003; x_wconf 85' lang='lat' dir='ltr'>philologici</span> <span class='ocrx_word' id='word_1_69' title='bbox 960 1915 1006 1983; x_wconf 84' lang='lat' dir='ltr'>fui</span> <span class='ocrx_word' id='word_1_70' title='bbox 1028 1915 1144 1985; x_wconf 87' lang='lat' dir='ltr'>sodalis</span> <span class='ocrx_word' id='word_1_71' title='bbox 1178 1915 1353 1984; x_wconf 86' lang='lat' dir='ltr'>ordinarios</span> <span class='ocrx_word' id='word_1_72' title='bbox 1405 1963 1410 1975; x_wconf 83' lang='lat'><em>-</em></span> 
     </span>
     <span class='ocr_line' id='line_1_10' title="bbox 113 2018 1354 2110; baseline -0.002 -18"><span class='ocrx_word' id='word_1_73' title='bbox 113 2043 170 2110; x_wconf 89' lang='lat' dir='ltr'>per</span> <span class='ocrx_word' id='word_1_74' title='bbox 191 2022 254 2091; x_wconf 87' lang='lat' dir='ltr'>tria</span> <span class='ocrx_word' id='word_1_75' title='bbox 275 2021 472 2092; x_wconf 84' lang='lat' dir='ltr'>semenstria.</span> <span class='ocrx_word' id='word_1_76' title='bbox 515 2020 636 2090; x_wconf 87' lang='lat' dir='ltr'>Deinde</span> <span class='ocrx_word' id='word_1_77' title='bbox 659 2018 783 2089; x_wconf 86' lang='lat' dir='ltr'>Gissam</span> <span class='ocrx_word' id='word_1_78' title='bbox 806 2019 951 2106; x_wconf 85' lang='lat' dir='ltr'>migravi,</span> <span class='ocrx_word' id='word_1_79' title='bbox 975 2019 1028 2088; x_wconf 89' lang='lat' dir='ltr'>ubi</span> <span class='ocrx_word' id='word_1_80' title='bbox 1050 2040 1107 2107; x_wconf 88' lang='lat' dir='ltr'>per</span> <span class='ocrx_word' id='word_1_81' title='bbox 1120 2019 1285 2109; x_wconf 89' lang='lat' dir='ltr'>quinquies</span> <span class='ocrx_word' id='word_1_82' title='bbox 1295 2039 1354 2089; x_wconf 85' lang='lat' dir='ltr'>sex</span> 
     </span>
     <span class='ocr_line' id='line_1_11' title="bbox 111 2122 1352 2212; baseline -0.004 -17"><span class='ocrx_word' id='word_1_83' title='bbox 111 2147 234 2196; x_wconf 90' lang='lat' dir='ltr'>menses</span> <span class='ocrx_word' id='word_1_84' title='bbox 251 2126 283 2194; x_wconf 95' lang='lat' dir='ltr'>hi</span> <span class='ocrx_word' id='word_1_85' title='bbox 300 2145 350 2196; x_wconf 89' lang='lat' dir='ltr'>me</span> <span class='ocrx_word' id='word_1_86' title='bbox 366 2125 540 2195; x_wconf 88' lang='lat' dir='ltr'>docuerunt</span> <span class='ocrx_word' id='word_1_87' title='bbox 556 2123 617 2192; x_wconf 84' lang='lat' dir='ltr'>viri</span> <span class='ocrx_word' id='word_1_88' title='bbox 632 2122 825 2193; x_wconf 88' lang='lat' dir='ltr'>doctissimi:</span> <span class='ocrx_word' id='word_1_89' title='bbox 847 2123 1020 2212; x_wconf 89' lang='lat' dir='ltr'>Behaghel,</span> <span class='ocrx_word' id='word_1_90' title='bbox 1043 2123 1181 2210; x_wconf 89' lang='lat' dir='ltr'>Oncken,</span> <span class='ocrx_word' id='word_1_91' title='bbox 1204 2123 1352 2212; x_wconf 91' lang='lat' dir='ltr'>Philippi,</span> 
     </span>
     <span class='ocr_line' id='line_1_12' title="bbox 113 2229 1351 2321; baseline 0.002 -23"><span class='ocrx_word' id='word_1_92' title='bbox 113 2232 152 2302; x_wconf 90' lang='lat' dir='ltr'>de</span> <span class='ocrx_word' id='word_1_93' title='bbox 185 2232 283 2321; x_wconf 86' lang='lat' dir='ltr'>Ropp,</span> <span class='ocrx_word' id='word_1_94' title='bbox 318 2230 471 2315; x_wconf 87' lang='lat' dir='ltr'>Schmidt,</span> <span class='ocrx_word' id='word_1_95' title='bbox 505 2229 648 2316; x_wconf 84' lang='lat' dir='ltr'>Schiller,</span> <span class='ocrx_word' id='word_1_96' title='bbox 681 2229 823 2299; x_wconf 81' lang='lat' dir='ltr'>Siebeok.</span> <span class='ocrx_word' id='word_1_97' title='bbox 867 2229 951 2298; x_wconf 88' lang='lat' dir='ltr'>Vere</span> <span class='ocrx_word' id='word_1_98' title='bbox 985 2230 1057 2298; x_wconf 91' lang='lat' dir='ltr'>anni</span> <span class='ocrx_word' id='word_1_99' title='bbox 1089 2229 1173 2302; x_wconf 77' lang='lat' dir='ltr'><strong>XCI.</strong></span> <span class='ocrx_word' id='word_1_100' title='bbox 1208 2231 1351 2300; x_wconf 82' lang='lat' dir='ltr'>examina</span> 
     </span>
     <span class='ocr_line' id='line_1_13' title="bbox 111 2332 1352 2423; baseline -0.001 -19"><span class='ocrx_word' id='word_1_101' title='bbox 111 2339 260 2423; x_wconf 89' lang='lat' dir='ltr'>superato</span> <span class='ocrx_word' id='word_1_102' title='bbox 271 2333 463 2402; x_wconf 87' lang='lat' dir='ltr'>Darmstadii</span> <span class='ocrx_word' id='word_1_103' title='bbox 485 2333 615 2404; x_wconf 87' lang='lat' dir='ltr'>interlui</span> <span class='ocrx_word' id='word_1_104' title='bbox 636 2333 751 2402; x_wconf 91' lang='lat' dir='ltr'>studiis</span> <span class='ocrx_word' id='word_1_105' title='bbox 773 2332 994 2422; x_wconf 87' lang='lat' dir='ltr'>paedagogicis</span> <span class='ocrx_word' id='word_1_106' title='bbox 1016 2334 1048 2401; x_wconf 93' lang='lat' dir='ltr'>in</span> <span class='ocrx_word' id='word_1_107' title='bbox 1071 2334 1247 2421; x_wconf 90' lang='lat' dir='ltr'>seminario,</span> <span class='ocrx_word' id='word_1_108' title='bbox 1270 2335 1352 2423; x_wconf 93' lang='lat' dir='ltr'>quod</span> 
     </span>
     <span class='ocr_line' id='line_1_14' title="bbox 111 2436 1353 2526; baseline -0.001 -19"><span class='ocrx_word' id='word_1_109' title='bbox 111 2437 297 2525; x_wconf 89' lang='lat' dir='ltr'>Nodoagelii</span> <span class='ocrx_word' id='word_1_110' title='bbox 319 2437 377 2505; x_wconf 92' lang='lat' dir='ltr'>sub</span> <span class='ocrx_word' id='word_1_111' title='bbox 400 2437 546 2524; x_wconf 87' lang='lat' dir='ltr'>auspiciis</span> <span class='ocrx_word' id='word_1_112' title='bbox 573 2437 675 2505; x_wconf 88' lang='lat' dir='ltr'>floret.</span> <span class='ocrx_word' id='word_1_113' title='bbox 708 2436 880 2524; x_wconf 90' lang='lat' dir='ltr'>Postquam</span> <span class='ocrx_word' id='word_1_114' title='bbox 901 2440 968 2504; x_wconf 92' lang='lat' dir='ltr'>tum</span> <span class='ocrx_word' id='word_1_115' title='bbox 990 2437 1153 2526; x_wconf 87' lang='lat' dir='ltr'>Bndingae</span> <span class='ocrx_word' id='word_1_116' title='bbox 1176 2459 1272 2506; x_wconf 91' lang='lat' dir='ltr'>unum</span> <span class='ocrx_word' id='word_1_117' title='bbox 1294 2459 1353 2526; x_wconf 89' lang='lat' dir='ltr'>per</span> 
     </span>
     <span class='ocr_line' id='line_1_15' title="bbox 113 2540 1353 2628; baseline 0 -18"><span class='ocrx_word' id='word_1_118' title='bbox 113 2562 229 2610; x_wconf 83' lang='lat' dir='ltr'>anunm</span> <span class='ocrx_word' id='word_1_119' title='bbox 249 2544 282 2610; x_wconf 92' lang='lat' dir='ltr'>et</span> <span class='ocrx_word' id='word_1_120' title='bbox 292 2540 483 2626; x_wconf 89' lang='lat' dir='ltr'>Mogontiaci</span> <span class='ocrx_word' id='word_1_121' title='bbox 500 2561 623 2609; x_wconf 88' lang='lat' dir='ltr'>menses</span> <span class='ocrx_word' id='word_1_122' title='bbox 638 2540 802 2608; x_wconf 88' lang='lat' dir='ltr'>nonnullos</span> <span class='ocrx_word' id='word_1_123' title='bbox 818 2541 971 2628; x_wconf 87' lang='lat' dir='ltr'>magister</span> <span class='ocrx_word' id='word_1_124' title='bbox 981 2542 1037 2628; x_wconf 89' lang='lat' dir='ltr'>fui,</span> <span class='ocrx_word' id='word_1_125' title='bbox 1060 2543 1152 2611; x_wconf 92' lang='lat' dir='ltr'>ludus</span> <span class='ocrx_word' id='word_1_126' title='bbox 1174 2543 1353 2612; x_wconf 89' lang='lat' dir='ltr'>litterarum</span> 
     </span>
     <span class='ocr_line' id='line_1_16' title="bbox 111 2643 1354 2732; baseline 0.002 -20"><span class='ocrx_word' id='word_1_127' title='bbox 111 2646 317 2732; x_wconf 86' lang='lat' dir='ltr'>ingenuarum</span> <span class='ocrx_word' id='word_1_128' title='bbox 344 2645 526 2732; x_wconf 87' lang='lat' dir='ltr'>Hungonsis</span> <span class='ocrx_word' id='word_1_129' title='bbox 558 2644 634 2712; x_wconf 94' lang='lat' dir='ltr'>mihi</span> <span class='ocrx_word' id='word_1_130' title='bbox 665 2643 848 2713; x_wconf 85' lang='lat' dir='ltr'>commissus</span> <span class='ocrx_word' id='word_1_131' title='bbox 882 2649 943 2732; x_wconf 87' lang='lat' dir='ltr'>est,</span> <span class='ocrx_word' id='word_1_132' title='bbox 969 2647 1058 2715; x_wconf 94' lang='lat' dir='ltr'>cuius</span> <span class='ocrx_word' id='word_1_133' title='bbox 1086 2646 1263 2716; x_wconf 86' lang='lat' dir='ltr'>etiamnunc</span> <span class='ocrx_word' id='word_1_134' title='bbox 1284 2667 1354 2714; x_wconf 90' lang='lat' dir='ltr'>sum</span> 
     </span>
     <span class='ocr_line' id='line_1_17' title="bbox 110 2749 457 2838; baseline 0.012 -22"><span class='ocrx_word' id='word_1_135' title='bbox 110 2749 266 2838; x_wconf 90' lang='lat' dir='ltr'>magister</span> <span class='ocrx_word' id='word_1_136' title='bbox 288 2752 322 2818; x_wconf 90' lang='lat' dir='ltr'>et</span> <span class='ocrx_word' id='word_1_137' title='bbox 343 2751 457 2820; x_wconf 85' lang='lat' dir='ltr'>rector.</span> 
     </span>
    </p>

    <p class='ocr_par' dir='ltr' id='par_1_3' title="bbox 110 2851 1357 3236">
     <span class='ocr_line' id='line_1_18' title="bbox 214 2851 1353 2946; baseline 0.005 -26"><span class='ocrx_word' id='word_1_138' title='bbox 214 2852 325 2922; x_wconf 89' lang='lat' dir='ltr'>Liceat</span> <span class='ocrx_word' id='word_1_139' title='bbox 346 2853 422 2920; x_wconf 94' lang='lat' dir='ltr'>mihi</span> <span class='ocrx_word' id='word_1_140' title='bbox 444 2852 577 2940; x_wconf 88' lang='lat' dir='ltr'>denique</span> <span class='ocrx_word' id='word_1_141' title='bbox 600 2872 669 2920; x_wconf 89' lang='lat' dir='ltr'>cum</span> <span class='ocrx_word' id='word_1_142' title='bbox 692 2851 806 2921; x_wconf 88' lang='lat' dir='ltr'>ceteris</span> <span class='ocrx_word' id='word_1_143' title='bbox 829 2853 991 2940; x_wconf 83' lang='lat' dir='ltr'>magistris</span> <span class='ocrx_word' id='word_1_144' title='bbox 1013 2856 1090 2926; x_wconf 85' lang='lat' dir='ltr'>meis</span> <span class='ocrx_word' id='word_1_145' title='bbox 1111 2857 1233 2943; x_wconf 86' lang='lat' dir='ltr'>gratius</span> <span class='ocrx_word' id='word_1_146' title='bbox 1254 2877 1353 2946; x_wconf 82' lang='lat' dir='ltr'>agere</span> 
     </span>
     <span class='ocr_line' id='line_1_19' title="bbox 113 2956 1357 3048; baseline 0.006 -24"><span class='ocrx_word' id='word_1_147' title='bbox 113 2977 205 3044; x_wconf 88' lang='lat' dir='ltr'>quam</span> <span class='ocrx_word' id='word_1_148' title='bbox 228 2956 392 3042; x_wconf 84' lang='lat' dir='ltr'>maximas,</span> <span class='ocrx_word' id='word_1_149' title='bbox 415 2960 483 3023; x_wconf 89' lang='lat' dir='ltr'>tum</span> <span class='ocrx_word' id='word_1_150' title='bbox 505 2956 543 3029; x_wconf 82' lang='grc' dir='ltr'>Ε.</span> <span class='ocrx_word' id='word_1_151' title='bbox 566 2956 861 3042; x_wconf 66' lang='lat' dir='ltr'>schwartzio,</span> <span class='ocrx_word' id='word_1_152' title='bbox 883 2978 903 3027; x_wconf 90' lang='lat' dir='ltr'>a</span> <span class='ocrx_word' id='word_1_153' title='bbox 925 2979 986 3046; x_wconf 91' lang='lat' dir='ltr'>quo</span> <span class='ocrx_word' id='word_1_154' title='bbox 1021 2965 1138 3048; x_wconf 85' lang='lat' dir='ltr'>quanta</span> <span class='ocrx_word' id='word_1_155' title='bbox 1159 2960 1357 3048; x_wconf 88' lang='lat' dir='ltr'>benignitate</span> 
     </span>
     <span class='ocr_line' id='line_1_20' title="bbox 112 3060 1352 3153; baseline 0.001 -23"><span class='ocrx_word' id='word_1_156' title='bbox 112 3064 145 3130; x_wconf 88' lang='lat' dir='ltr'>et</span> <span class='ocrx_word' id='word_1_157' title='bbox 177 3060 367 3129; x_wconf 88' lang='lat' dir='ltr'>liberalitate</span> <span class='ocrx_word' id='word_1_158' title='bbox 400 3060 459 3130; x_wconf 97' lang='lat' dir='ltr'>hoc</span> <span class='ocrx_word' id='word_1_159' title='bbox 493 3061 525 3127; x_wconf 92' lang='lat' dir='ltr'>in</span> <span class='ocrx_word' id='word_1_160' title='bbox 557 3060 704 3148; x_wconf 88' lang='lat' dir='ltr'>opusculo</span> <span class='ocrx_word' id='word_1_161' title='bbox 727 3060 916 3130; x_wconf 90' lang='lat' dir='ltr'>conficiendo</span> <span class='ocrx_word' id='word_1_162' title='bbox 938 3062 1065 3132; x_wconf 91' lang='lat' dir='ltr'>adiutus</span> <span class='ocrx_word' id='word_1_163' title='bbox 1087 3063 1156 3150; x_wconf 92' lang='lat' dir='ltr'>sim,</span> <span class='ocrx_word' id='word_1_164' title='bbox 1184 3085 1352 3153; x_wconf 89' lang='lat' dir='ltr'>numquam</span> 
     </span>
     <span class='ocr_line' id='line_1_21' title="bbox 110 3165 291 3236; baseline 0.022 -4"><span class='ocrx_word' id='word_1_165' title='bbox 110 3165 291 3236; x_wconf 80' lang='lat' dir='ltr'>obliviscar.</span> 
     </span>
    </p>
   </div>
   <div class='ocr_carea' id='block_1_3' title="bbox 0 0 1524 4966">
    <p class='ocr_par' dir='ltr' id='par_1_4' title="bbox 0 0 1524 4966">
     <span class='ocr_line' id='line_1_22' title="bbox 0 0 1524 4966; baseline 0 0"><span class='ocrx_word' id='word_1_166' title='bbox 0 0 1524 4966; x_wconf 95' lang='lat' dir='ltr'> </span> 
     </span>
    </p>
   </div>
  </div>
 </body>
</html>
