3038 4966
677 94 894 163 ..64-

163 288 327 357 Accedunt
349 285 433 354 haud
453 283 544 374 pauci
565 283 624 352 loci
646 281 798 367 Platonis,
821 281 873 370 qui
896 302 971 352 vero
993 281 1066 352 huic
1088 303 1211 372 quoque
1232 284 1302 353 voci
1319 284 1409 353 addit

163 391 322 460 notionem
341 378 532 478 esepultura'.
584 385 666 472 ταφή
697 384 806 472 igitur,
838 386 920 473 quod
951 385 983 453 in
1014 386 1201 455 carminibus
1233 387 1410 457 Homericis

165 497 287 564 omnino
309 492 542 562 noninvenitur
563 510 664 578 neque
686 489 749 557 ullo
761 489 942 559 Atticorum
955 491 1143 581 scriptorum
1159 492 1226 561 loco
1248 491 1410 560 notionem

163 601 259 668 habet
278 589 484 687 ‘sepulcrum'‚
506 595 587 663 hano
609 594 673 664 vim
694 594 778 661 haud
800 614 871 664 raro
895 596 1023 665 exhibet
1052 595 1134 685 apud
1156 597 1232 667 Her.
1255 599 1289 664 et
1311 595 1410 685 Soph.

165 704 211 773 cf.
235 703 311 773 Her.
333 702 348 769 l
370 703 422 772 94.
448 703 519 770 198.
541 700 572 767 ll
596 702 669 769 169.
694 702 766 769 170.
789 698 835 766 ΠΙ
860 702 909 770 10.
934 703 984 771 16.
1006 701 1065 786 bis,
1088 700 1134 768 IV
1157 699 1278 785 71116,
1301 699 1333 766 V
1355 703 1409 770 63.

165 806 261 896 Soph.
284 804 552 875 Α1.1090.1109.
576 800 680 871 (letari
704 821 780 871 vcro
802 803 917 890 tragici
939 807 1052 893 poetae
1074 798 1401 892 notionc‘sepulcrnm

165 911 279 999 ubique
300 906 397 992 τάφος
418 906 662 996 usurpaverunt,
685 908 722 974 ut
743 905 860 976 Aesch.
883 905 960 978 Cho.
986 911 1057 978 108.
1083 910 1155 977 168.
1177 907 1195 948 *
1217 908 1409 979 336.*359.

165 1009 543 1100 4881111111611.
567 1012 641 1078 695.
665 1011 738 1080 639.
761 1012 834 1080 703.
863 1010 932 1079 aliis
958 1011 1034 1080 locis
1068 1009 1243 1100 permultis.
1310 1009 1411 1094 Quam

168 1118 233 1186 vim
258 1115 353 1184 etiam
375 1113 458 1203 apud
480 1113 556 1183 Her.
579 1112 722 1180 undecim
743 1112 819 1181 locis
851 1112 948 1200 τάφος
979 1115 1085 1184 habet.
1128 1113 1247 1182 Melicis
1280 1113 1414 1201 denique

167 1222 199 1289 in
220 1219 363 1290 versibus
385 1217 481 1286 semel
502 1216 559 1286 Ar.
582 1216 652 1284 voci
673 1215 754 1301 ταφή
767 1216 907 1286 loricam
917 1219 1077 1288 notionem
1099 1218 1228 1304 addidit,
1251 1238 1318 1288 161.
1334 1221 1411 1288 493.

373 1321 423 1386 τὸν
446 1317 611 1404 Κλεισθένη
635 1316 767 1387 δ’ἆκοὺω

372 1423 402 1490 ἐν
423 1431 489 1498 ταῖς
509 1431 635 1509 ταφαῖσι
656 1424 793 1509 πρωκτὸν

373 1528 481 1595 odico
503 1529 611 1593 ἑαυτοῦ
633 1526 685 1594 καὶ
708 1527 884 1614 σπαράττειν
906 1527 960 1604 τὰς
981 1528 1118 1612 γνάθους.

272 1633 320 1700 De
341 1652 418 1701 voce
441 1637 600 1718 χοῖρος
621 1630 700 1703 Α11.
721 1632 769 1701 IX
790 1654 821 1722 p.
843 1631 947 1703 3751).
969 1632 1047 1701 haec
1077 1633 1208 1700 monet:
1251 1637 1355 1717 χοῖρον
1379 1632 1413 1696 δὲ

171 1733 278 1812 Ἴωνες
300 1741 427 1802 καλοῦσι
437 1735 490 1820 τὴν
512 1735 649 1820 θήλειαν,
673 1735 716 1811 ὡς
734 1731 881 1810 Ἱππῶναξ
900 1734 951 1801 καὶ
972 1739 1131 1821 Σοφοκλῆς
1154 1734 1202 1801 ἐπὶ
1224 1733 1411 1820 Ταιναρίοις;

276 1838 386 1925 Τοιγὰρ
409 1838 458 1904 Ἰὼ
481 1834 681 1925 δεῖφολοὶἕαι
703 1847 806 1925 χοῖρον
830 1837 906 1914 ὥςτε
928 1839 1050 1924 δεσμίαν
1073 1839 1127 1926 (cf.
1149 1839 1187 1908 fr.
1209 1836 1310 1924 bra).
1348 1837 1412 1906 Sed

168 1943 200 2010 in
222 1963 315 2030 prosa
338 1942 478 2011 oratione
500 1962 540 2010 ne
562 1942 644 2029 apud
666 1942 792 2011 Jcnicos
814 1942 937 2030 quidem
960 1943 1130 2029 scriptores
1157 1943 1235 2010 haec
1268 1941 1412 2010 vocabuli

169 2048 255 2115 notio
279 2050 396 2131 exstat,
419 2049 456 2113 11
472 2046 565 2133 Hipp.
588 2046 673 2114 nullo
695 2047 762 2115 loco
783 2053 890 2132 χοῖρος
911 2065 967 2132 pro
989 2043 1090 2111 αἰδοῖα
1113 2045 1198 2114 dicit.
1242 2044 1413 2112 Poetarum

169 2170 245 2219 vero
267 2150 317 2218 hic
340 2149 506 2218 Herondae
528 2149 717 2218 mentionem
738 2149 871 2234 iniciam,
906 2149 958 2237 qui
992 2149 1070 2216 VIII
1103 2153 1134 2220 9.
1170 2152 1199 2219 7.
1230 2148 1290 2217 hcc
1320 2149 1412 2217 modo

170 2262 276 2341 χοῖρος
297 2254 472 2341 usurpavit.
517 2253 565 2321 Ac
586 2257 683 2334 certo,
707 2273 786 2341 quae
808 2253 891 2340 apud
912 2252 1126 2323 Athendicta
1143 2257 1229 2336 sunt,
1251 2251 1290 2319 ad
1302 2255 1413 2338 poetas

170 2358 434 2445 solospcrtinent.
455 2357 549 2445 Apud
571 2357 654 2428 Plat.
676 2378 738 2426 uno
760 2358 827 2425 loco
837 2364 943 2442 χοῖρος
953 2356 1081 2443 legitur,
1093 2355 1220 2424 notione
1229 2349 1414 2442 porcellus,

170 2483 235 2550 rep.
258 2462 416 2532 lieren.
439 2461 552 2532 Aesch.
575 2481 703 2548 prorsus
726 2461 878 2529 abstinuit
900 2461 960 2528 hac
981 2480 1059 2530 voce
1081 2460 1113 2527 in
1144 2459 1316 2546 tragoediis
1349 2479 1414 2527 ser-

169 2567 263 2651 vatis,
286 2572 382 2655 atque
404 2566 494 2634 unico
516 2565 584 2634 loco
606 2565 783 2649 Homerico,
815 2565 864 2635 ο1.
899 2564 986 2632 XIV.
1019 2567 1082 2649 73,
1115 2564 1252 2650 genuina
1285 2562 1414 2631 notione

171 2671 311 2740 adhibita
333 2674 393 2740 est.
437 2669 568 2757 Saepius
591 2674 697 2738 autem
720 2689 756 2736 ea
779 2670 835 2738 Ar.
858 2689 934 2736 usus
957 2671 1007 2736 est
1040 2687 1096 2754 pro
1129 2673 1280 2750 γυναικεῖα
1313 2664 1414 2731 αἰδοῖα

172 2773 445 2861 (deotmaro
469 2777 638 2842 989538.
663 2773 762 2859 540),
786 2791 941 2840 necuere
965 2771 1026 2839 alia
1053 2771 1091 2839 de
1125 2790 1219 2839 causa
1251 2769 1414 2837 admisisse

173 2900 240 2948 eam
262 2878 398 2964 videtur,
420 2898 456 2945 ac
477 2877 625 2945 ridiculae
647 2875 734 2944 verbi
747 2876 963 2962 ambiguitatis
975 2895 1078 2960 causa,
1102 2895 1171 2942 cum
1194 2878 1227 2943 61
1241 2865 1415 2961 ‘porcellus'

173 3003 242 3052 esse
264 2982 364 3068 possit
396 2986 429 3050 et
459 2973 608 3051 ‘cunnus'.
641 3020 685 3027 -
715 2979 857 3066 Denique
891 2977 1060 3046 στέλλω
1090 2977 1291 3045 intransitiva
1323 2997 1416 3064 quam

173 3105 331 3170 vocamus,
351 3085 478 3153 notione
500 3085 633 3172 legimus
660 3083 833 3151 adhibitum
855 3083 931 3152 Her.
964 3083 1010 3149 lV
1038 3085 1107 3153 147.
1138 3080 1416 3168 (Θήρας-ἔστελλε

174 3191 206 3266 ἐς
227 3188 363 3274 ἀποικίην
384 3219 428 3238 =
450 3191 610 3277 proiectus
632 3190 707 3276 est),
732 3191 803 3258 148.
825 3188 856 3255 V
882 3190 951 3255 195.
979 3207 1015 3255 66
1048 3187 1169 3254 duobus
1200 3184 1296 3272 Soph.
1328 3184 1415 3266 locis

174 3296 232 3364 Ph.
255 3298 329 3365 971.
352 3297 385 3362 61
408 3298 482 3364 640.

784 3481 816 3550 1.

279 3607 348 3674 Jam
372 3626 408 3673 ea
440 3605 533 3672 liceat
567 3623 748 3672 enumerare
781 3602 914 3686 nomina,
947 3619 1027 3687 quae
1057 3598 1096 3666 ab
1129 3596 1238 3664 Attico
1271 3614 1414 3663 sermone

175 3730 303 3798 prorsus
325 3709 426 3777 aliena
447 3712 532 3794 sunt,
554 3708 585 3775 in
608 3709 721 3776 Jonum
753 3726 829 3775 vero
859 3704 1112 3790 tragicorumque
1144 3718 1260 3788 genere
1293 3697 1415 3766 dicendi

176 3817 352 3884 occurrunt.

283 3922 311 3988 1.
334 3917 381 3984 16
403 3916 536 4003 primum
558 3915 681 4002 quidem
703 3914 786 3982 haud
817 3911 1009 3980 1611111111
1041 3910 1209 3996 scriptores
1243 3905 1415 3992 composita

176 4022 273 4090 verba
294 4021 337 4089 ibi
359 4019 557 4105 adhibebant,
579 4019 632 4087 ubi
654 4017 756 4086 Attici
778 4016 937 4086 vocabulis
968 4013 1204 4101 simplicioribus
1233 4011 1366 4079 utebant
1406 4059 1416 4079 .

178 4125 315 4210 Quorum
338 4145 355 4193 e
377 4144 505 4192 numero
527 4123 609 4210 apud
631 4121 726 4209 Soph.
758 4121 868 4206 solum,
901 4141 963 4187 1ο1
996 4117 1078 4207 apud
1111 4121 1232 4185 ceteros
1264 4114 1415 4200 tragicos,

176 4229 378 4299 inveniuntur
399 4228 496 4296 haec:
520 4224 687 4312 ὁδοιπορέιο
709 4246 764 4314 pro
786 4222 933 4294 1116161
955 4223 1092 4307 βαδίζειν.
1136 4222 1253 4288 Exstat
1268 4219 1351 4287 Her.
1368 4218 1415 4285 lV

181 4339 250 4401 110.
278 4333 891 4418 1161111.1338161378408.
925 4330 1000 4396 417.
1033 4331 1109 4397 479.
1142 4326 1199 4410 bis,
1233 4326 1307 4393 485.
1337 4324 1414 4390 486.

180 4444 250 4508 511.
277 4442 349 4507 138.
373 4436 430 4519 bis,
454 4438 527 4503 539.
551 4439 623 4506 146.
646 4437 718 4504 041.
743 4436 816 4502 747.
840 4436 913 4503 759.
937 4435 1010 4502 758.
1033 4433 1107 4500 819.
1140 4432 1214 4498 899.
1247 4426 1305 4512 bis,
1338 4429 1413 4495 894.
