3038 4966
658 137 853 203 ⁶⁷-

234 322 281 392 Ut
292 341 368 391 vero
391 341 427 391 eo
440 324 631 408 revertatur,
653 321 889 409 undedigressa
911 322 971 405 est,
995 318 1110 390 oratio:
1132 339 1194 390 non
1216 318 1374 396 dubitavit

132 423 305 513 Sophocles
327 423 357 491 in
381 424 510 494 canticis
533 425 639 494 Dorici
671 424 822 494 sermonis
853 423 936 492 baud
958 444 1057 513 pauca
1088 423 1265 492 admittere.
1309 421 1373 492 Gur

132 527 231 614 igitur
253 527 384 596 eundem
406 532 531 617 poetam
553 548 703 615 negemus
726 528 757 595 in
779 527 908 596 iambico
930 526 1054 614 dialogo
1077 524 1254 595 adhibuisse
1276 526 1373 596 verba

132 631 308 718 formasque
342 631 408 699 eius
441 631 602 722 sermonis
636 652 696 721 quo
729 631 893 700 iambicum
926 650 1049 700 carmen
1081 629 1180 719 primo
1214 628 1374 698 excultum

135 734 229 802 erat?
262 735 348 803 Haec
371 736 473 804 omnia
495 735 522 804 si
545 735 801 817 consideraveris,
824 755 885 803 uon
907 733 1075 819 dubitabis
1104 733 1177 822 quin
1204 731 1374 811 habeamus

133 833 164 904 in
185 857 327 907 sermone
349 840 541 926 tragicorum
564 838 744 907 Atticorum
766 859 827 907 non
849 837 993 906 Atthidis
1016 835 1199 906 vetustioris
1228 835 1374 922 vestigia,

131 941 185 1008 sed
208 940 306 1028 ipsius
327 942 424 1009 iadis.
474 940 560 1026 Quae
592 941 739 1029 vestigia,
772 945 810 1008 ut
843 941 924 1030 apud
958 961 1063 1009 omnes
1093 940 1232 1028 tragicos
1265 942 1375 1029 poetas

133 1047 272 1129 exstant,
315 1045 360 1112 ita
393 1045 526 1133 plurima
566 1047 648 1134 apud
681 1045 874 1134 Sophoclem.
930 1045 990 1113 Est
1022 1043 1082 1130 hic,
1117 1048 1154 1111 ut
1186 1044 1232 1112 ita
1265 1043 1374 1130 dicam,

132 1147 348 1217 Jouioissimus
371 1152 543 1237 poetarum.

144 1319 147 1324 .
236 1249 326 1334 erod
348 1272 440 1339 quam
462 1257 548 1321 recte
571 1252 689 1320 dictum
711 1251 764 1337 sit,
795 1251 876 1319 infra
906 1250 1090 1319 videbimus.
1139 1250 1221 1319 Sunt
1252 1250 1375 1339 quidem

135 1355 218 1423 haud
241 1374 339 1444 pauca
362 1377 380 1423 a
402 1356 625 1425 Rutherfordio
648 1355 787 1442 collecta,
810 1355 865 1423 sed
892 1355 1009 1422 multae
1033 1358 1066 1423 et
1098 1356 1215 1423 formae
1248 1354 1385 1424 donicae

135 1462 284 1527 atroces
306 1459 526 1547 adiungentur.
570 1460 637 1528 Neo
659 1479 717 1527 uos
750 1458 872 1528 cantica
905 1458 1096 1544 omittemus,
1131 1479 1210 1547 quae
1243 1459 1292 1527 vir
1324 1458 1376 1527 ille

133 1563 243 1630 doctus
277 1563 420 1632 censuim
442 1580 504 1632 non
538 1563 718 1652 respexit')
772 1562 936 1632 Materiam
968 1582 1043 1630 vero
1077 1562 1122 1630 ita
1155 1562 1308 1650 congessi,
1338 1566 1377 1629 ut

136 1664 297 1752 Aeschyli,
320 1664 493 1755 Sophoclis,
515 1667 683 1756 Euripidis,
715 1666 947 1754 Aristophanis
970 1665 1133 1750 Jsooratis,
1166 1665 1376 1756 Hippocratis

134 1769 326 1856 Herodoti2),
351 1770 517 1838 Herondaa
538 1770 656 1858 scripta
679 1771 780 1839 omnia
803 1771 971 1857 diligenter
998 1770 1202 1858 perlegerem,
1236 1770 1376 1854 aliorum,

134 1895 211 1961 quos
233 1873 369 1958 laudavi,
390 1874 579 1962 scriptorum
601 1875 685 1944 locos
712 1896 753 1943 en
777 1875 872 1942 Hem.
906 1874 1068 1963 Stephani,
1102 1875 1255 1959 Passovii,
1288 1874 1377 1962 Papii

133 1978 243 2047 lexicis
265 1978 451 2065 colligerem.
496 1978 638 2046 Platonis
660 1979 744 2047 locos
768 2000 807 2046 cx
830 1978 915 2046 Astii
938 1978 1038 2047 lexico
1061 1978 1189 2066 sumpsi.

236 2082 377 2169 Denique
400 2082 585 2151 mouendum
607 2082 735 2151 videtur
757 2083 951 2152 Herodotum
974 2081 1130 2151 nonnullis
1158 2081 1233 2149 locis
1255 2083 1378 2170 poetica

135 2187 265 2273 quadam
287 2186 410 2254 ratione
432 2185 553 2254 dicendi
576 2187 663 2272 otiu,
687 2208 778 2275 quam
800 2186 838 2254 ob
851 2207 916 2255 rem
929 2208 998 2254 cum
1011 2185 1174 2272 diligentia
1185 2186 1377 2254 adhibendus

136 2292 195 2356 est.
239 2289 440 2379 Hippocratis
463 2310 539 2356 voco
561 2291 656 2358 dictio
679 2291 886 2377 lougeabest
899 2312 917 2358 a
931 2290 1378 2378 sublimioregeneredicendi.

136 2391 222 2476 Quae
243 2393 341 2480 igitur
363 2392 446 2480 apud
469 2393 621 2462 medicum
644 2403 710 2462 nost
718 2416 786 2461 rum
809 2398 948 2480 exstant,
970 2395 1125 2484 poeticam
1147 2394 1282 2483 speciem
1304 2415 1379 2482 prae

135 2516 169 2564 se
190 2517 252 2564 non
275 2498 390 2578 ferrmt,
412 2495 588 2564 sedJouica
609 2498 749 2585 putanda
771 2501 855 2567 suut.
874 2498 1016 2566 lonicum
1039 2501 1145 2566 autem
1168 2501 1201 2566 et
1222 2499 1379 2586 poeticum

136 2620 310 2668 sermonem
331 2600 382 2670 hic
404 2601 466 2670 illio
499 2603 568 2669 arte
596 2600 762 2671 cohaerere
795 2601 907 2668 mirum
940 2622 1001 2669 nou
1035 2603 1095 2686 cst,
1124 2622 1194 2670 cum
1227 2601 1379 2671 dialectus

135 2705 188 2773 illa
209 2725 228 2772 a
249 2704 352 2793 poetis
373 2705 473 2794 primo
496 2705 581 2773 culta
602 2704 646 2772 sit
668 2707 702 2772 et
724 2704 908 2774 exercitata.

238 2810 308 2878 lam
330 2810 369 2878 ad
391 2829 456 2878 rem
480 2811 578 2898 ipsam
602 2809 792 2877 accedamus.
837 2808 968 2894 Singula
990 2808 1048 2878 hoc
1083 2809 1190 2879 ordine
1213 2811 1378 2899 proferam.

373 2913 397 2981 l.
421 2913 459 2981 de
481 2913 648 2981 verborum
670 2911 787 2996 formis,
1289 2912 1291 2921 ’

365 3017 404 3086 ll.
427 3018 466 3086 de
487 3017 653 3086 verborum
675 3017 809 3102 delectu,

272 3148 274 3152 ³
355 3120 409 3188 iil.
432 3121 471 3188 de
492 3120 662 3188 dictionum
684 3119 916 3188 constructione
938 3119 1098 3187 disseram.

239 3225 406 3309 Auctores
430 3225 542 3316 quibus
566 3244 741 3307 usussum,
764 3243 820 3292 suo
843 3243 995 3311 quemque
1018 3223 1085 3290 looo
1107 3222 1249 3290 laudabo.

553 3533 965 3545 —·--——----—·-—--—··-

172 4334 194 4401 ¹)
210 4336 259 4386 Eis
277 4337 353 4399 locis,
373 4335 464 4400 quiin
482 4336 605 4401 partibus
623 4336 716 4401 lyricis
734 4339 804 4397 sunt,
823 4331 919 4384 addam
936 4333 1095 4385 asteriscum
1114 4332 1164 4399 (*).

173 4420 197 4487 ²)
214 4420 457 4485 Schweighaeuseri
474 4421 543 4473 onim
561 4420 595 4472 ad
614 4422 677 4479 Har,
697 4421 800 4473 lexicon
817 4419 912 4471 molins
929 4419 1059 4485 scriptum
1078 4432 1130 4470 non
1147 4419 1229 4474 11111.

177 4507 202 4576 ³)
220 4509 255 4570 ol,
275 4508 360 4569 Sicin.
378 4506 413 4561 ad
429 4509 492 4570 Har,
510 4509 628 4571 1114,
